
<marc:record><marc:leader>00730 am a22001693  4500</marc:leader>
<marc:controlfield tag="001">000020738</marc:controlfield>
<marc:controlfield tag="003">Uk</marc:controlfield><marc:controlfield tag="005">20091125222100.0</marc:controlfield><marc:controlfield tag="008">870814|1836|||||||    ||     ||| |||||  </marc:controlfield><marc:datafield tag="040" ind1=" " ind2=" "><marc:subfield code="a">Uk</marc:subfield><marc:subfield code="c">Uk</marc:subfield></marc:datafield><marc:datafield tag="100" ind1="1" ind2=" "><marc:subfield code="a">ADLERCREUTZ, G.</marc:subfield></marc:datafield><marc:datafield tag="245" ind1="1" ind2="0"><marc:subfield code="a">Anmärkningar och nödvändiga Upplysningar vid Herr C. J. Holms Anteckningar öfver Fälttågen emot Ryssland åren 1808 och 1809.</marc:subfield></marc:datafield><marc:datafield tag="260" ind1=" " ind2=" "><marc:subfield code="a">Stockholm,</marc:subfield><marc:subfield code="c">1836.</marc:subfield></marc:datafield><marc:datafield tag="300" ind1=" " ind2=" "><marc:subfield code="a">48 p. ;</marc:subfield><marc:subfield code="c">8º.</marc:subfield></marc:datafield><marc:datafield tag="700" ind1="1" ind2=" "><marc:subfield code="a">HOLM, Carl Johan.</marc:subfield><marc:subfield code="t">Anteckningar öfver Fälttågen emot Ryssland Åren 1808 och 1809.</marc:subfield></marc:datafield><marc:datafield tag="852" ind1="4" ind2="1"><marc:subfield code="a">British Library</marc:subfield><marc:subfield code="b">HMNTS</marc:subfield><marc:subfield code="j">1437.i.18.(1.)</marc:subfield></marc:datafield><marc:datafield tag="886" ind1="2" ind2=" "><marc:subfield code="2">blmarc</marc:subfield><marc:subfield code="a">709</marc:subfield><marc:subfield code="b">00</marc:subfield><marc:subfield code="a">HOLM</marc:subfield><marc:subfield code="h">Carl Johan</marc:subfield><marc:subfield code="t">Anteckningar öfver Fälttågen emot Ryssland Åren 1808 och 1809.</marc:subfield><marc:subfield code="p">1437.i.18.(1.)</marc:subfield><marc:subfield code="x">1510890114</marc:subfield></marc:datafield></marc:record>