
<marc:record><marc:leader>00848cam a22001933  4500</marc:leader>
<marc:controlfield tag="001">000020759</marc:controlfield>
<marc:controlfield tag="003">Uk</marc:controlfield><marc:controlfield tag="005">20120224170000.0</marc:controlfield><marc:controlfield tag="008">870814|1860|||||||    ||     ||| |||||  </marc:controlfield><marc:datafield tag="040" ind1=" " ind2=" "><marc:subfield code="a">Uk</marc:subfield><marc:subfield code="c">Uk</marc:subfield></marc:datafield><marc:datafield tag="100" ind1="1" ind2=" "><marc:subfield code="a">ADLER-MESNARD, Édouard.</marc:subfield></marc:datafield><marc:datafield tag="245" ind1="1" ind2="0"><marc:subfield code="a">Nouveau Dictionnaire allemand-français et français-allemand, rédigé sur le plan du Grand Dictionnaire de MM. Schuster et Regnier, etc. (Neues deutsch-französisches und französisch-deutsches Taschenwörterbuch, etc.).</marc:subfield></marc:datafield><marc:datafield tag="260" ind1=" " ind2=" "><marc:subfield code="a">Paris,</marc:subfield><marc:subfield code="c">[1860]</marc:subfield></marc:datafield><marc:datafield tag="300" ind1=" " ind2=" "><marc:subfield code="a">2 pt. ;</marc:subfield><marc:subfield code="c">16º.</marc:subfield></marc:datafield><marc:datafield tag="700" ind1="1" ind2=" "><marc:subfield code="a">REGNIER, Jacques Auguste Adolphe.</marc:subfield></marc:datafield><marc:datafield tag="700" ind1="1" ind2=" "><marc:subfield code="a">SCHUSTER, Carl Wilhelm Theodor.</marc:subfield></marc:datafield><marc:datafield tag="852" ind1="4" ind2="1"><marc:subfield code="a">British Library</marc:subfield><marc:subfield code="b">HMNTS</marc:subfield><marc:subfield code="j">12962.a.19.</marc:subfield></marc:datafield><marc:datafield tag="886" ind1="2" ind2=" "><marc:subfield code="2">blmarc</marc:subfield><marc:subfield code="a">709</marc:subfield><marc:subfield code="b">00</marc:subfield><marc:subfield code="a">REGNIER</marc:subfield><marc:subfield code="h">Jacques Auguste Adolphe</marc:subfield><marc:subfield code="p">12962.a.19.</marc:subfield><marc:subfield code="x">2723180212</marc:subfield></marc:datafield><marc:datafield tag="886" ind1="2" ind2=" "><marc:subfield code="2">blmarc</marc:subfield><marc:subfield code="a">709</marc:subfield><marc:subfield code="b">00</marc:subfield><marc:subfield code="a">SCHUSTER</marc:subfield><marc:subfield code="h">Carl Wilhelm Theodor</marc:subfield><marc:subfield code="p">12962.a.19.</marc:subfield><marc:subfield code="x">2951220006</marc:subfield></marc:datafield></marc:record>