
<marc:record><marc:leader>00818cam a22001693  4500</marc:leader>
<marc:controlfield tag="001">000020771</marc:controlfield>
<marc:controlfield tag="003">Uk</marc:controlfield><marc:controlfield tag="005">20120806043400.0</marc:controlfield><marc:controlfield tag="008">870814|1853|||||||    ||     ||| |||||  </marc:controlfield><marc:datafield tag="040" ind1=" " ind2=" "><marc:subfield code="a">Uk</marc:subfield><marc:subfield code="c">Uk</marc:subfield></marc:datafield><marc:datafield tag="100" ind1="1" ind2=" "><marc:subfield code="a">ADLERSPARRE, Carl August.</marc:subfield></marc:datafield><marc:datafield tag="245" ind1="1" ind2="0"><marc:subfield code="a">Erindringar vid 'Grefve M. Björnstjernas Anteckningar.'.</marc:subfield></marc:datafield><marc:datafield tag="260" ind1=" " ind2=" "><marc:subfield code="a">Stockholm,</marc:subfield><marc:subfield code="c">1853.</marc:subfield></marc:datafield><marc:datafield tag="300" ind1=" " ind2=" "><marc:subfield code="a">179 p. ;</marc:subfield><marc:subfield code="c">8º.</marc:subfield></marc:datafield><marc:datafield tag="700" ind1="1" ind2=" "><marc:subfield code="a">Björnstjerna, Magnus Fredrik Ferdinand,</marc:subfield><marc:subfield code="c">grefve,</marc:subfield><marc:subfield code="d">1779-1847.</marc:subfield><marc:subfield code="t">Anteckningar af grefve Magnus Björnstjerna. Utgifne efter hans död. [Edited by Count C. M. L. Björnstjerna.].</marc:subfield></marc:datafield><marc:datafield tag="852" ind1="4" ind2="1"><marc:subfield code="a">British Library</marc:subfield><marc:subfield code="b">HMNTS</marc:subfield><marc:subfield code="j">10760.b.3.</marc:subfield></marc:datafield><marc:datafield tag="886" ind1="2" ind2=" "><marc:subfield code="2">blmarc</marc:subfield><marc:subfield code="a">709</marc:subfield><marc:subfield code="b">00</marc:subfield><marc:subfield code="a">BJÖRNSTJERNA</marc:subfield><marc:subfield code="h">Magnus Fredrik Ferdinand</marc:subfield><marc:subfield code="f">Count</marc:subfield><marc:subfield code="t">Anteckningar af grefve Magnus Björnstjerna. Utgifne efter hans död. [Edited by Count C. M. L. Björnstjerna.]</marc:subfield><marc:subfield code="p">10760.b.3.</marc:subfield><marc:subfield code="x">0333280113</marc:subfield></marc:datafield></marc:record>