
<marc:record><marc:leader>00834cam a22001573  4500</marc:leader>
<marc:controlfield tag="001">000020801</marc:controlfield>
<marc:controlfield tag="003">Uk</marc:controlfield><marc:controlfield tag="005">20101223154100.0</marc:controlfield><marc:controlfield tag="008">870814|1820|||||||    ||     ||| ||eng  </marc:controlfield><marc:datafield tag="040" ind1=" " ind2=" "><marc:subfield code="a">Uk</marc:subfield><marc:subfield code="c">Uk</marc:subfield></marc:datafield><marc:datafield tag="100" ind1="1" ind2=" "><marc:subfield code="a">ADLINGTON, John Henry.</marc:subfield></marc:datafield><marc:datafield tag="245" ind1="1" ind2="4"><marc:subfield code="a">The Cyclopædia of Law; or, the Correct British lawyer; forming a complete and concise digest of the various laws and statutes comprehended in the constitution of England ... In which are included an epitome of the acts of Parliament passed in the last session ... and a glossary of the technical law terms. The whole collected and arranged by J. H. Adlington. [With plates.]</marc:subfield></marc:datafield><marc:datafield tag="260" ind1=" " ind2=" "><marc:subfield code="a">pp. xxiv. 688. London; for William Emans: Southwark, 1820.</marc:subfield></marc:datafield><marc:datafield tag="300" ind1=" " ind2=" "><marc:subfield code="a">8º.</marc:subfield></marc:datafield><marc:datafield tag="500" ind1=" " ind2=" "><marc:subfield code="a">With an additional titlepage, engraved, bearing the imprint of T. Kelly.</marc:subfield></marc:datafield><marc:datafield tag="852" ind1="4" ind2="1"><marc:subfield code="a">British Library</marc:subfield><marc:subfield code="b">HMNTS</marc:subfield><marc:subfield code="j">1609/556.</marc:subfield></marc:datafield></marc:record>