
<marc:record><marc:leader>00662cam a22001693  4500</marc:leader>
<marc:controlfield tag="001">000020864</marc:controlfield>
<marc:controlfield tag="003">Uk</marc:controlfield><marc:controlfield tag="005">20120224170000.0</marc:controlfield><marc:controlfield tag="008">870814|1843|||||||    ||    |||| ||eng  </marc:controlfield><marc:datafield tag="040" ind1=" " ind2=" "><marc:subfield code="a">Uk</marc:subfield><marc:subfield code="c">Uk</marc:subfield></marc:datafield><marc:datafield tag="245" ind1="1" ind2="4"><marc:subfield code="a">The Two Admirals. A tale. By the author of “The Pilot” [i.e. J. Fenimere Cooper], etc.</marc:subfield></marc:datafield><marc:datafield tag="260" ind1=" " ind2=" "><marc:subfield code="a">Philadelphia :</marc:subfield><marc:subfield code="b">Lea &amp; Blanchard,</marc:subfield><marc:subfield code="c">1843.</marc:subfield></marc:datafield><marc:datafield tag="300" ind1=" " ind2=" "><marc:subfield code="a">2 vol. ;</marc:subfield><marc:subfield code="c">12º.</marc:subfield></marc:datafield><marc:datafield tag="700" ind1="1" ind2=" "><marc:subfield code="a">Cooper, James Fenimore,</marc:subfield><marc:subfield code="d">1789-1851.</marc:subfield><marc:subfield code="t">Single Works. The Two Admirals.</marc:subfield></marc:datafield><marc:datafield tag="720" ind1=" " ind2=" "><marc:subfield code="a">ADMIRALS</marc:subfield><marc:subfield code="e">main entry</marc:subfield></marc:datafield><marc:datafield tag="852" ind1="4" ind2="1"><marc:subfield code="a">British Library</marc:subfield><marc:subfield code="b">HMNTS</marc:subfield><marc:subfield code="j">12296.ccc.14.(2.)</marc:subfield></marc:datafield><marc:datafield tag="886" ind1="2" ind2=" "><marc:subfield code="2">blmarc</marc:subfield><marc:subfield code="a">709</marc:subfield><marc:subfield code="b">00</marc:subfield><marc:subfield code="a">COOPER</marc:subfield><marc:subfield code="h">James Fenimore</marc:subfield><marc:subfield code="t">Single Works</marc:subfield><marc:subfield code="t">The Two Admirals</marc:subfield><marc:subfield code="p">12296.ccc.14.(2.)</marc:subfield><marc:subfield code="x">0691830150</marc:subfield></marc:datafield></marc:record>