
<marc:record><marc:leader>00409cam a22001333  4500</marc:leader>
<marc:controlfield tag="001">000020866</marc:controlfield>
<marc:controlfield tag="003">Uk</marc:controlfield><marc:controlfield tag="005">20091208160743.0</marc:controlfield><marc:controlfield tag="008">870814|1840|||||||    ||    |||| |||||  </marc:controlfield><marc:datafield tag="040" ind1=" " ind2=" "><marc:subfield code="a">Uk</marc:subfield><marc:subfield code="c">Uk</marc:subfield></marc:datafield><marc:datafield tag="245" ind1="0" ind2="0"><marc:subfield code="a">Theatre Royal, Admiralty. To be performed this evening, Feb. 14th,1840, Three Charades. [A programme.]</marc:subfield></marc:datafield><marc:datafield tag="260" ind1=" " ind2=" "><marc:subfield code="a">[London,</marc:subfield><marc:subfield code="c">1840]</marc:subfield></marc:datafield><marc:datafield tag="300" ind1=" " ind2=" "><marc:subfield code="a">1 sheet ;</marc:subfield><marc:subfield code="c">fol.</marc:subfield></marc:datafield><marc:datafield tag="852" ind1="4" ind2="1"><marc:subfield code="a">British Library</marc:subfield><marc:subfield code="b">HMNTS</marc:subfield><marc:subfield code="j">L.R.110.d.6.(73.)</marc:subfield></marc:datafield></marc:record>