
<marc:record><marc:leader>00550 am a22001453  4500</marc:leader>
<marc:controlfield tag="001">000020877</marc:controlfield>
<marc:controlfield tag="003">Uk</marc:controlfield><marc:controlfield tag="005">20091125222100.0</marc:controlfield><marc:controlfield tag="008">870814|1847|||||||    ||     ||| |||||  </marc:controlfield><marc:datafield tag="040" ind1=" " ind2=" "><marc:subfield code="a">Uk</marc:subfield><marc:subfield code="c">Uk</marc:subfield></marc:datafield><marc:datafield tag="100" ind1="1" ind2=" "><marc:subfield code="a">ADMONISH CRIME, pseud.,</marc:subfield><marc:subfield code="c">[i.e. James Cook Richmond.]</marc:subfield></marc:datafield><marc:datafield tag="245" ind1="1" ind2="2"><marc:subfield code="a">A Midsummer's Day-Dream: Libelløus; or, a Little book of the Vision of Shawmut. By Admonish Crime. Anagrammatically ... Libell. 1.</marc:subfield></marc:datafield><marc:datafield tag="260" ind1=" " ind2=" "><marc:subfield code="a">pp. 24. Jordan &amp; Wiley: Boston; Burgess, Stringer &amp; Co.: New York, 1847.</marc:subfield></marc:datafield><marc:datafield tag="300" ind1=" " ind2=" "><marc:subfield code="a">8º.</marc:subfield></marc:datafield><marc:datafield tag="852" ind1="4" ind2="1"><marc:subfield code="a">British Library</marc:subfield><marc:subfield code="b">HMNTS</marc:subfield><marc:subfield code="j">4182.e.5.(10.)</marc:subfield></marc:datafield></marc:record>