
<marc:record><marc:leader>00838cam a22001933  4500</marc:leader>
<marc:controlfield tag="001">000020968</marc:controlfield>
<marc:controlfield tag="003">Uk</marc:controlfield><marc:controlfield tag="005">20121115180900.0</marc:controlfield><marc:controlfield tag="008">000526|1888|||||||    ||     ||| |||||  </marc:controlfield><marc:datafield tag="040" ind1=" " ind2=" "><marc:subfield code="a">Uk</marc:subfield><marc:subfield code="c">Uk</marc:subfield></marc:datafield><marc:datafield tag="100" ind1="1" ind2=" "><marc:subfield code="a">ADOLPH, Carl.</marc:subfield></marc:datafield><marc:datafield tag="245" ind1="1" ind2="0"><marc:subfield code="a">Deutschlands Heldenkaiser Wilhelm der Siegreiche und Kaiser Friedrich III. Illustrierte Chronik des deutschen Kaiserhauses.</marc:subfield></marc:datafield><marc:datafield tag="260" ind1=" " ind2=" "><marc:subfield code="a">Neusalza,</marc:subfield><marc:subfield code="c">[1888, 89]</marc:subfield></marc:datafield><marc:datafield tag="300" ind1=" " ind2=" "><marc:subfield code="a">iv, 714 p. ;</marc:subfield><marc:subfield code="c">4º.</marc:subfield></marc:datafield><marc:datafield tag="720" ind1=" " ind2=" "><marc:subfield code="a">FREDERICK, Emperor of Germany. [1888.]. Biography. General Biographies, etc.</marc:subfield></marc:datafield><marc:datafield tag="720" ind1=" " ind2=" "><marc:subfield code="a">WILLIAM I., Emperor of Germany. Biographies, etc.</marc:subfield></marc:datafield><marc:datafield tag="852" ind1="4" ind2="1"><marc:subfield code="a">British Library</marc:subfield><marc:subfield code="b">HMNTS</marc:subfield><marc:subfield code="j">10704.l.9.</marc:subfield></marc:datafield><marc:datafield tag="886" ind1="2" ind2=" "><marc:subfield code="2">blmarc</marc:subfield><marc:subfield code="a">709</marc:subfield><marc:subfield code="b">00</marc:subfield><marc:subfield code="a">FREDERICK, Emperor of Germany. [1888.]</marc:subfield><marc:subfield code="t">Biography</marc:subfield><marc:subfield code="t">General Biographies, etc.</marc:subfield><marc:subfield code="x">1152920030</marc:subfield></marc:datafield><marc:datafield tag="886" ind1="2" ind2=" "><marc:subfield code="2">blmarc</marc:subfield><marc:subfield code="a">709</marc:subfield><marc:subfield code="b">00</marc:subfield><marc:subfield code="a">WILLIAM I., Emperor of Germany</marc:subfield><marc:subfield code="t">Biographies, etc.</marc:subfield><marc:subfield code="x">3513590296</marc:subfield></marc:datafield></marc:record>