
<marc:record><marc:leader>00857cam a22001933  4500</marc:leader>
<marc:controlfield tag="001">000020971</marc:controlfield>
<marc:controlfield tag="003">Uk</marc:controlfield><marc:controlfield tag="005">20110311165900.0</marc:controlfield><marc:controlfield tag="008">870814|1883|||||||    ||     ||| |||||  </marc:controlfield><marc:datafield tag="040" ind1=" " ind2=" "><marc:subfield code="a">Uk</marc:subfield><marc:subfield code="c">Uk</marc:subfield></marc:datafield><marc:datafield tag="100" ind1="1" ind2=" "><marc:subfield code="a">ADOLPH, Carl.</marc:subfield></marc:datafield><marc:datafield tag="245" ind1="1" ind2="0"><marc:subfield code="a">Voltaire et le théâtre de Shakespeare ... Wissenschaftliche Beilage zum Programm des Gymnasiums zu Sorau.</marc:subfield></marc:datafield><marc:datafield tag="260" ind1=" " ind2=" "><marc:subfield code="a">Sorau,</marc:subfield><marc:subfield code="c">1883.</marc:subfield></marc:datafield><marc:datafield tag="300" ind1=" " ind2=" "><marc:subfield code="a">20 p. ;</marc:subfield><marc:subfield code="c">4º.</marc:subfield></marc:datafield><marc:datafield tag="700" ind1="1" ind2=" "><marc:subfield code="a">Shakespeare, William,</marc:subfield><marc:subfield code="d">1564-1616</marc:subfield><marc:subfield code="t">Separate Works under Subheadings. Sonnets. Appendix.</marc:subfield></marc:datafield><marc:datafield tag="700" ind1="1" ind2=" "><marc:subfield code="a">Voltaire,</marc:subfield><marc:subfield code="d">1694-1778</marc:subfield><marc:subfield code="t">Appendix. Biography and Criticism.</marc:subfield></marc:datafield><marc:datafield tag="852" ind1="4" ind2="1"><marc:subfield code="a">British Library</marc:subfield><marc:subfield code="b">HMNTS</marc:subfield><marc:subfield code="j">11764.i.18.(10.)</marc:subfield></marc:datafield><marc:datafield tag="886" ind1="2" ind2=" "><marc:subfield code="2">blmarc</marc:subfield><marc:subfield code="a">709</marc:subfield><marc:subfield code="b">00</marc:subfield><marc:subfield code="a">SHAKESPEARE</marc:subfield><marc:subfield code="h">William</marc:subfield><marc:subfield code="t">Appendix</marc:subfield><marc:subfield code="t">Criticism</marc:subfield><marc:subfield code="p">11764.i.18.(10.)</marc:subfield><marc:subfield code="x">2994150042</marc:subfield></marc:datafield><marc:datafield tag="886" ind1="2" ind2=" "><marc:subfield code="2">blmarc</marc:subfield><marc:subfield code="a">709</marc:subfield><marc:subfield code="b">00</marc:subfield><marc:subfield code="a">VOLTAIRE</marc:subfield><marc:subfield code="h">François Marie Arouet de</marc:subfield><marc:subfield code="t">Appendix</marc:subfield><marc:subfield code="t">Biography and Criticism</marc:subfield><marc:subfield code="p">11764.i.18.(10.)</marc:subfield><marc:subfield code="x">3420420358</marc:subfield></marc:datafield></marc:record>