
<marc:record><marc:leader>00513cam a22001573  4500</marc:leader>
<marc:controlfield tag="001">000020981</marc:controlfield>
<marc:controlfield tag="003">Uk</marc:controlfield><marc:controlfield tag="005">20120420175300.0</marc:controlfield><marc:controlfield tag="008">870814|1879|||||||    ||     ||| |||||  </marc:controlfield><marc:datafield tag="040" ind1=" " ind2=" "><marc:subfield code="a">Uk</marc:subfield><marc:subfield code="c">Uk</marc:subfield></marc:datafield><marc:datafield tag="100" ind1="1" ind2=" "><marc:subfield code="a">ADOLPH, G. Ernst.</marc:subfield></marc:datafield><marc:datafield tag="245" ind1="1" ind2="0"><marc:subfield code="a">Ueber Insectenflügel.-Ueber abnorme Zellenbildungen einiger Hymenopterenflügel.</marc:subfield></marc:datafield><marc:datafield tag="260" ind1=" " ind2=" "><marc:subfield code="a">Halle,</marc:subfield><marc:subfield code="c">1879, 80.</marc:subfield></marc:datafield><marc:datafield tag="300" ind1=" " ind2=" "><marc:subfield code="a">2 pt. ;</marc:subfield><marc:subfield code="c">4º.</marc:subfield></marc:datafield><marc:datafield tag="490" ind1="0" ind2=" "><marc:subfield code="a">[Academia Cæsarea Naturæ Curiosorum. Nova Acta, etc. tom. 41. pt. 2. no. 3, 4.]</marc:subfield></marc:datafield><marc:datafield tag="852" ind1="4" ind2="1"><marc:subfield code="a">British Library</marc:subfield><marc:subfield code="b">HMNTS</marc:subfield><marc:subfield code="j">Ac.2871.</marc:subfield></marc:datafield></marc:record>