
<marc:record><marc:leader>00679cam a22001573  4500</marc:leader>
<marc:controlfield tag="001">000021018</marc:controlfield>
<marc:controlfield tag="003">Uk</marc:controlfield><marc:controlfield tag="005">20101223154100.0</marc:controlfield><marc:controlfield tag="008">870814|1856|||||||    ||     ||| ||eng  </marc:controlfield><marc:datafield tag="040" ind1=" " ind2=" "><marc:subfield code="a">Uk</marc:subfield><marc:subfield code="c">Uk</marc:subfield></marc:datafield><marc:datafield tag="100" ind1="1" ind2=" "><marc:subfield code="a">ADOLPH, William.</marc:subfield></marc:datafield><marc:datafield tag="245" ind1="1" ind2="4"><marc:subfield code="a">The Simplicity of the Creation; concise view of Mr. Adolph's new theory of the solar system, thunderstorms, waterspouts, etc.</marc:subfield></marc:datafield><marc:datafield tag="260" ind1=" " ind2=" "><marc:subfield code="a">pp. 8. E. Travis: L'pool [1856?]</marc:subfield></marc:datafield><marc:datafield tag="300" ind1=" " ind2=" "><marc:subfield code="a">16º.</marc:subfield></marc:datafield><marc:datafield tag="775" ind1="0" ind2=" "><marc:subfield code="t">[The Simplicity of the Creation; concise view of Mr. Adolph's new theory of the solar system, thunderstorms, waterspouts, etc.]</marc:subfield><marc:subfield code="d">pp. 15. Charles Dolman: London, 1861. 8º.</marc:subfield><marc:subfield code="w">(Uk)MP1.0000023243.1</marc:subfield></marc:datafield><marc:datafield tag="852" ind1="4" ind2="1"><marc:subfield code="a">British Library</marc:subfield><marc:subfield code="b">HMNTS</marc:subfield><marc:subfield code="j">8561.a.48.(2.)</marc:subfield></marc:datafield></marc:record>