
<marc:record><marc:leader>00673cam a22001693  4500</marc:leader>
<marc:controlfield tag="001">000021023</marc:controlfield>
<marc:controlfield tag="003">Uk</marc:controlfield><marc:controlfield tag="005">20120222144304.0</marc:controlfield><marc:controlfield tag="008">870814|1824|||||||    ||    |||| |||||  </marc:controlfield><marc:datafield tag="040" ind1=" " ind2=" "><marc:subfield code="a">Uk</marc:subfield><marc:subfield code="c">Uk</marc:subfield></marc:datafield><marc:datafield tag="245" ind1="0" ind2="0"><marc:subfield code="a">Adolphe et Caroline, ou le danger des divisions politiques dans l'intérieur des familles; comédie en cinq actes et en prose. [By Count C. L. de Belderbusch.]</marc:subfield></marc:datafield><marc:datafield tag="260" ind1=" " ind2=" "><marc:subfield code="a">Paris,</marc:subfield><marc:subfield code="c">1824.</marc:subfield></marc:datafield><marc:datafield tag="300" ind1=" " ind2=" "><marc:subfield code="a">157 p. ;</marc:subfield><marc:subfield code="c">8º.</marc:subfield></marc:datafield><marc:datafield tag="700" ind1="1" ind2=" "><marc:subfield code="a">BELDERBUSCH, Charles Léopold de,</marc:subfield><marc:subfield code="c">Count.</marc:subfield></marc:datafield><marc:datafield tag="700" ind1="1" ind2=" "><marc:subfield code="a">Leuven, Adolphe de,</marc:subfield><marc:subfield code="d">1800-1884.</marc:subfield></marc:datafield><marc:datafield tag="852" ind1="4" ind2="1"><marc:subfield code="a">British Library</marc:subfield><marc:subfield code="b">HMNTS</marc:subfield><marc:subfield code="j">11738.a.19.(6.)</marc:subfield></marc:datafield><marc:datafield tag="886" ind1="2" ind2=" "><marc:subfield code="2">blmarc</marc:subfield><marc:subfield code="a">709</marc:subfield><marc:subfield code="b">00</marc:subfield><marc:subfield code="a">BELDERBUSCH</marc:subfield><marc:subfield code="h">Charles Léopold de</marc:subfield><marc:subfield code="f">Count</marc:subfield><marc:subfield code="p">11738.a.19.(6.)</marc:subfield><marc:subfield code="x">0233990135</marc:subfield></marc:datafield></marc:record>