
<marc:record><marc:leader>00736 am a22001693  4500</marc:leader>
<marc:controlfield tag="001">000021056</marc:controlfield>
<marc:controlfield tag="003">Uk</marc:controlfield><marc:controlfield tag="005">20091223215000.0</marc:controlfield><marc:controlfield tag="008">870814|1874|||||||    ||    |||| |||||  </marc:controlfield><marc:datafield tag="040" ind1=" " ind2=" "><marc:subfield code="a">Uk</marc:subfield><marc:subfield code="c">Uk</marc:subfield></marc:datafield><marc:datafield tag="245" ind1="1" ind2="0"><marc:subfield code="a">[Adolphi IV. ex Comite monachi ordinis S. Francisci Memoria.]</marc:subfield></marc:datafield><marc:datafield tag="250" ind1=" " ind2=" "><marc:subfield code="a">[Another edition.]</marc:subfield></marc:datafield><marc:datafield tag="490" ind1="0" ind2=" "><marc:subfield code="a">[Quellensammlung der Schleswig-Holstein-Lauenburgischen Gesellschaft für vaterländische Geschichte. Bd. 4. Hft. 1.]</marc:subfield></marc:datafield><marc:datafield tag="580" ind1=" " ind2=" "><marc:subfield code="a">In : Beeck (N.) Analecta ad historiam Novimonasterii, etc. [1874.] 8º.</marc:subfield></marc:datafield><marc:datafield tag="720" ind1=" " ind2=" "><marc:subfield code="a">ADOLPHUS IV. [of Schauenburg], Count of Holstein</marc:subfield><marc:subfield code="e">main entry</marc:subfield></marc:datafield><marc:datafield tag="787" ind1="0" ind2=" "><marc:subfield code="t">Adolphi IV. ex Comite monachi ordinis S. Francisci Memoria.</marc:subfield><marc:subfield code="d">1740.</marc:subfield><marc:subfield code="w">(Uk)MP1.0000023284</marc:subfield></marc:datafield><marc:datafield tag="852" ind1="4" ind2="1"><marc:subfield code="a">British Library</marc:subfield><marc:subfield code="b">HMNTS</marc:subfield><marc:subfield code="j">Ac.7638/6.</marc:subfield></marc:datafield></marc:record>