
<marc:record><marc:leader>00663cam a22001453  4500</marc:leader>
<marc:controlfield tag="001">000021074</marc:controlfield>
<marc:controlfield tag="003">Uk</marc:controlfield><marc:controlfield tag="005">20120224170000.0</marc:controlfield><marc:controlfield tag="008">870814|1864|||||||    ||    |||| |||||  </marc:controlfield><marc:datafield tag="040" ind1=" " ind2=" "><marc:subfield code="a">Uk</marc:subfield><marc:subfield code="c">Uk</marc:subfield></marc:datafield><marc:datafield tag="245" ind1="1" ind2="0"><marc:subfield code="a">Handlingar angående tvist mellan konung Adolf Fredrik och Rådet i fråga om en öfverhofpredikants entledigande. [With reference to the dismissal of Gabriel Rosén.]</marc:subfield></marc:datafield><marc:datafield tag="260" ind1=" " ind2=" "><marc:subfield code="c">1864.</marc:subfield></marc:datafield><marc:datafield tag="580" ind1=" " ind2=" "><marc:subfield code="a">In : Stockholm.-Kongliga Samfundet för utgifvande af Handskrifter rörande Skandinaviens Historia. Historiska handlingar, etc. dl. 4. 1861, etc. 8º.</marc:subfield></marc:datafield><marc:datafield tag="720" ind1=" " ind2=" "><marc:subfield code="a">ADOLPHUS FREDERICK, King of Sweden</marc:subfield><marc:subfield code="e">main entry</marc:subfield></marc:datafield><marc:datafield tag="852" ind1="4" ind2="1"><marc:subfield code="a">British Library</marc:subfield><marc:subfield code="b">HMNTS</marc:subfield><marc:subfield code="j">9425.g.1/4.</marc:subfield></marc:datafield></marc:record>