
<marc:record><marc:leader>00862cam a22001693  4500</marc:leader>
<marc:controlfield tag="001">000021087</marc:controlfield>
<marc:controlfield tag="003">Uk</marc:controlfield><marc:controlfield tag="005">20090430110745.0</marc:controlfield><marc:controlfield tag="008">981020|1820|||||||    ||     ||| |||||  </marc:controlfield><marc:datafield tag="040" ind1=" " ind2=" "><marc:subfield code="a">Uk</marc:subfield><marc:subfield code="c">Uk</marc:subfield></marc:datafield><marc:datafield tag="100" ind1="1" ind2=" "><marc:subfield code="a">ADOLPHUS, J. H.</marc:subfield></marc:datafield><marc:datafield tag="245" ind1="1" ind2="2"><marc:subfield code="a">A Correct, full, and impartial Report of the Trial of Her Majesty, Caroline, Queen Consort of Great Britain, before the House of Peers, on the Bill of Pains and Penalties, etc.</marc:subfield></marc:datafield><marc:datafield tag="260" ind1=" " ind2=" "><marc:subfield code="a">London :</marc:subfield><marc:subfield code="b">Jones &amp; Co.,</marc:subfield><marc:subfield code="c">1820.</marc:subfield></marc:datafield><marc:datafield tag="300" ind1=" " ind2=" "><marc:subfield code="a">xviii, 459 p. ;</marc:subfield><marc:subfield code="c">8º.</marc:subfield></marc:datafield><marc:datafield tag="700" ind1="0" ind2=" "><marc:subfield code="a">Caroline,</marc:subfield><marc:subfield code="c">Queen, consort of George IV, King of Great Britain,</marc:subfield><marc:subfield code="d">1768-1821</marc:subfield><marc:subfield code="t">Appendix. Biography. II. Separate Events. 1820. Trial</marc:subfield></marc:datafield><marc:datafield tag="852" ind1="4" ind2="1"><marc:subfield code="a">British Library</marc:subfield><marc:subfield code="b">HMNTS</marc:subfield><marc:subfield code="j">6495.aaa.34.</marc:subfield></marc:datafield><marc:datafield tag="886" ind1="2" ind2=" "><marc:subfield code="2">blmarc</marc:subfield><marc:subfield code="a">709</marc:subfield><marc:subfield code="b">00</marc:subfield><marc:subfield code="a">CAROLINE, Queen Consort of George IV., King of Great Britain and Ireland</marc:subfield><marc:subfield code="t">Appendix</marc:subfield><marc:subfield code="t">Biography</marc:subfield><marc:subfield code="t">II. Separate Events</marc:subfield><marc:subfield code="t">1820</marc:subfield><marc:subfield code="t">Trial</marc:subfield><marc:subfield code="p">6495.aaa.34.</marc:subfield><marc:subfield code="x">0542490323</marc:subfield></marc:datafield></marc:record>