
<marc:record><marc:leader>01961 am a2200241   4500</marc:leader>
<marc:controlfield tag="001">000021088</marc:controlfield>
<marc:controlfield tag="003">Uk</marc:controlfield><marc:controlfield tag="005">20091019150408.0</marc:controlfield><marc:controlfield tag="008">981016s1821    enkac         000 0beng  </marc:controlfield><marc:datafield tag="040" ind1=" " ind2=" "><marc:subfield code="a">Uk</marc:subfield><marc:subfield code="b">eng</marc:subfield><marc:subfield code="c">Uk</marc:subfield></marc:datafield><marc:datafield tag="100" ind1="1" ind2=" "><marc:subfield code="a">Adolphus, John,</marc:subfield><marc:subfield code="d">1768-1845</marc:subfield></marc:datafield><marc:datafield tag="245" ind1="1" ind2="4"><marc:subfield code="a">The Royal exile;</marc:subfield><marc:subfield code="b">or, memoirs of the public and private life of Her Majesty, Caroline, Queen Consort of Great Britain: embracing every circumstance connected with the memorable scenes of her eventful life, from the earliest period to her late arrival in England. A full and impartial history of the charges against her, and proceedings in Parliament, and of all the important events that have transpired since her return. With illustrations on the subjects, not generally known; interspersed wih original letters, and other curious and interesting documents, never before published.</marc:subfield><marc:subfield code="c">By I. H. Adolphus ...</marc:subfield></marc:datafield><marc:datafield tag="246" ind1="1" ind2="5"><marc:subfield code="a">Memoirs of Caroline, Queen Consort of Great Britain</marc:subfield></marc:datafield><marc:datafield tag="250" ind1=" " ind2=" "><marc:subfield code="a">Nineteenth edition</marc:subfield></marc:datafield><marc:datafield tag="260" ind1=" " ind2=" "><marc:subfield code="a">London :</marc:subfield><marc:subfield code="b">Published by Jones and Co. ... ,</marc:subfield><marc:subfield code="c">1821.</marc:subfield></marc:datafield><marc:datafield tag="300" ind1=" " ind2=" "><marc:subfield code="a">2v. ([2], vii, [1], 600; [2], 526p.), [21] leaves of plates:</marc:subfield><marc:subfield code="b">ill., ports.;</marc:subfield><marc:subfield code="c">21 cm. (8º)</marc:subfield></marc:datafield><marc:datafield tag="500" ind1=" " ind2=" "><marc:subfield code="a">Each volume with additional engraved title-page and frontispiece.</marc:subfield></marc:datafield><marc:datafield tag="500" ind1=" " ind2=" "><marc:subfield code="a">Volume statement on both title-pages printed as Vol. I. Altered in MS in vol. II to read Vol. II.</marc:subfield></marc:datafield><marc:datafield tag="500" ind1=" " ind2=" "><marc:subfield code="a">From end of text in vol. II: &quot;The final result of these proceedings ... will be presented to our readers in a supplement to the present work, which will likewise include the very interesting details of Her Majesty's travels ... now preparing for publication ...&quot;.</marc:subfield></marc:datafield><marc:datafield tag="500" ind1=" " ind2=" "><marc:subfield code="a">Followed by a third volume with the same title-page as Vol. I altered in MS to read Vol. III, detailing Queen Caroline's travels and printed after her death in August 1821.</marc:subfield></marc:datafield><marc:datafield tag="600" ind1="1" ind2="0"><marc:subfield code="a">Caroline,</marc:subfield><marc:subfield code="c">Queen, consort of George IV, King of Great Britain,</marc:subfield><marc:subfield code="d">1768-1821</marc:subfield></marc:datafield><marc:datafield tag="650" ind1=" " ind2="0"><marc:subfield code="a">Biography</marc:subfield><marc:subfield code="y">19th century</marc:subfield></marc:datafield><marc:datafield tag="852" ind1="4" ind2="1"><marc:subfield code="a">British Library</marc:subfield><marc:subfield code="b">HMNTS</marc:subfield><marc:subfield code="j">10805.bbb.3.</marc:subfield></marc:datafield></marc:record>