
<marc:record><marc:leader>01187 am a2200241   4500</marc:leader>
<marc:controlfield tag="001">000021093</marc:controlfield>
<marc:controlfield tag="003">Uk</marc:controlfield><marc:controlfield tag="005">20080225170410.0</marc:controlfield><marc:controlfield tag="008">870814s1817    enk    ||     000 0|eng  </marc:controlfield><marc:datafield tag="040" ind1=" " ind2=" "><marc:subfield code="a">Uk</marc:subfield><marc:subfield code="c">Uk</marc:subfield></marc:datafield><marc:datafield tag="100" ind1="1" ind2=" "><marc:subfield code="a">Adolphus, John,</marc:subfield><marc:subfield code="d">1768-1845</marc:subfield></marc:datafield><marc:datafield tag="245" ind1="1" ind2="4"><marc:subfield code="a">The history of England, from the accession of King George the Third, to the conclusion of Peace in the year one thousand seven hundred and eighty-three.</marc:subfield><marc:subfield code="c">By John Adolphus ...</marc:subfield></marc:datafield><marc:datafield tag="250" ind1=" " ind2=" "><marc:subfield code="a">The fourth edition.</marc:subfield><marc:subfield code="b">Revised by the author. In three volumes.</marc:subfield></marc:datafield><marc:datafield tag="260" ind1=" " ind2=" "><marc:subfield code="a">London :</marc:subfield><marc:subfield code="b">printed for T. Cadell and W. Davies,</marc:subfield><marc:subfield code="c">1817</marc:subfield><marc:subfield code="f">(Printed by A. Strahan)</marc:subfield></marc:datafield><marc:datafield tag="300" ind1=" " ind2=" "><marc:subfield code="a">3 v. (xxiii, [1], 496; xii, 458; xi, [1], 513, [1] p.) ;</marc:subfield><marc:subfield code="c">22 cm. (8º)</marc:subfield></marc:datafield><marc:datafield tag="500" ind1=" " ind2=" "><marc:subfield code="a">Printer's name from colophon.</marc:subfield></marc:datafield><marc:datafield tag="500" ind1=" " ind2=" "><marc:subfield code="a">The copy held at 9525.bbb.6 contains an advertisement for new editions published by T. Cadell and W. Davies, on [2] p. at end of vol. 3.</marc:subfield></marc:datafield><marc:datafield tag="500" ind1=" " ind2=" "><marc:subfield code="a">The copy held at RB is from the Home Office Library.</marc:subfield></marc:datafield><marc:datafield tag="541" ind1=" " ind2=" "><marc:subfield code="a">Purchase</marc:subfield><marc:subfield code="d">671014(18)</marc:subfield></marc:datafield><marc:datafield tag="600" ind1="0" ind2="0"><marc:subfield code="a">George</marc:subfield><marc:subfield code="b">III,</marc:subfield><marc:subfield code="c">King of Great Britain,</marc:subfield><marc:subfield code="d">1738-1820.</marc:subfield></marc:datafield><marc:datafield tag="651" ind1=" " ind2="0"><marc:subfield code="a">Great Britain</marc:subfield><marc:subfield code="x">History</marc:subfield><marc:subfield code="y">1714-1837</marc:subfield></marc:datafield><marc:datafield tag="852" ind1="4" ind2="1"><marc:subfield code="a">British Library</marc:subfield><marc:subfield code="b">HMNTS</marc:subfield><marc:subfield code="j">9525.bbb.6.</marc:subfield></marc:datafield><marc:datafield tag="852" ind1="4" ind2="1"><marc:subfield code="a">British Library</marc:subfield><marc:subfield code="b">HMNTS</marc:subfield><marc:subfield code="j">RB.23.a.31388</marc:subfield></marc:datafield></marc:record>