
<marc:record><marc:leader>00678cam a22001813  4500</marc:leader>
<marc:controlfield tag="001">000021097</marc:controlfield>
<marc:controlfield tag="003">Uk</marc:controlfield><marc:controlfield tag="005">20130709170300.0</marc:controlfield><marc:controlfield tag="008">870814|1839||||enk    ||     ||| |||||  </marc:controlfield><marc:datafield tag="040" ind1=" " ind2=" "><marc:subfield code="a">Uk</marc:subfield><marc:subfield code="c">Uk</marc:subfield></marc:datafield><marc:datafield tag="100" ind1="1" ind2=" "><marc:subfield code="a">ADOLPHUS, John</marc:subfield><marc:subfield code="c">(Barrister-at-Law)</marc:subfield></marc:datafield><marc:datafield tag="245" ind1="1" ind2="0"><marc:subfield code="a">Memoirs of John Bannister, Comedian. [With two portraits.]</marc:subfield></marc:datafield><marc:datafield tag="260" ind1=" " ind2=" "><marc:subfield code="a">London :</marc:subfield><marc:subfield code="b">Richard Bentley,</marc:subfield><marc:subfield code="c">1839.</marc:subfield></marc:datafield><marc:datafield tag="300" ind1=" " ind2=" "><marc:subfield code="a">2 vol. ;</marc:subfield><marc:subfield code="c">8º.</marc:subfield></marc:datafield><marc:datafield tag="700" ind1="1" ind2=" "><marc:subfield code="a">BANNISTER, John</marc:subfield><marc:subfield code="c">(Actor)</marc:subfield></marc:datafield><marc:datafield tag="852" ind1="4" ind2="1"><marc:subfield code="a">British Library</marc:subfield><marc:subfield code="b">HMNTS</marc:subfield><marc:subfield code="j">840.e.10.</marc:subfield></marc:datafield><marc:datafield tag="852" ind1="4" ind2="1"><marc:subfield code="a">British Library</marc:subfield><marc:subfield code="b">HMNTS</marc:subfield><marc:subfield code="j">010826.k.21.</marc:subfield><marc:subfield code="3">[Another copy.] R. Bentley: London, [1839.] 8º.***With a different titlepage.</marc:subfield></marc:datafield><marc:datafield tag="886" ind1="2" ind2=" "><marc:subfield code="2">blmarc</marc:subfield><marc:subfield code="a">709</marc:subfield><marc:subfield code="b">00</marc:subfield><marc:subfield code="a">BANNISTER</marc:subfield><marc:subfield code="h">John</marc:subfield><marc:subfield code="f">Actor</marc:subfield><marc:subfield code="p">840.e.10.</marc:subfield><marc:subfield code="x">0181910276</marc:subfield></marc:datafield></marc:record>