
<marc:record><marc:leader>00476cam a22001453  4500</marc:leader>
<marc:controlfield tag="001">000021098</marc:controlfield>
<marc:controlfield tag="003">Uk</marc:controlfield><marc:controlfield tag="005">20130615210800.0</marc:controlfield><marc:controlfield tag="008">870814|1824|||||||    ||     ||| |||||  </marc:controlfield><marc:datafield tag="040" ind1=" " ind2=" "><marc:subfield code="a">Uk</marc:subfield><marc:subfield code="c">Uk</marc:subfield></marc:datafield><marc:datafield tag="100" ind1="1" ind2=" "><marc:subfield code="a">ADOLPHUS, John</marc:subfield><marc:subfield code="c">(Barrister-at-Law)</marc:subfield></marc:datafield><marc:datafield tag="245" ind1="1" ind2="0"><marc:subfield code="a">Observations on the Vagrant Act, and some other statutes, and on the powers and duties of Justices of the Peace.</marc:subfield></marc:datafield><marc:datafield tag="260" ind1=" " ind2=" "><marc:subfield code="a">London :</marc:subfield><marc:subfield code="b">John Major,</marc:subfield><marc:subfield code="c">1824.</marc:subfield></marc:datafield><marc:datafield tag="300" ind1=" " ind2=" "><marc:subfield code="a">112 p. ;</marc:subfield><marc:subfield code="c">8º.</marc:subfield></marc:datafield><marc:datafield tag="852" ind1="4" ind2="1"><marc:subfield code="a">British Library</marc:subfield><marc:subfield code="b">HMNTS</marc:subfield><marc:subfield code="j">T.1086.(9.)</marc:subfield></marc:datafield></marc:record>