
<marc:record><marc:leader>00691 am a22001573  4500</marc:leader>
<marc:controlfield tag="001">000021103</marc:controlfield>
<marc:controlfield tag="003">Uk</marc:controlfield><marc:controlfield tag="005">20091125222100.0</marc:controlfield><marc:controlfield tag="008">870814|1836|||||||    ||     ||| |||||  </marc:controlfield><marc:datafield tag="040" ind1=" " ind2=" "><marc:subfield code="a">Uk</marc:subfield><marc:subfield code="c">Uk</marc:subfield></marc:datafield><marc:datafield tag="100" ind1="1" ind2=" "><marc:subfield code="a">ADOLPHUS, John Leycester.</marc:subfield></marc:datafield><marc:datafield tag="245" ind1="1" ind2="0"><marc:subfield code="a">[Biography, a prize essay, recited in the Theatre at Oxford, June 3, 1818.]</marc:subfield></marc:datafield><marc:datafield tag="250" ind1=" " ind2=" "><marc:subfield code="a">[Another edition.]</marc:subfield></marc:datafield><marc:datafield tag="580" ind1=" " ind2=" "><marc:subfield code="a">In : Oxford, City of.-University of Oxford. [Prize Poems and Essays.] The Oxford English Prize Essays, etc. vol. 3. 1836. 12º.</marc:subfield></marc:datafield><marc:datafield tag="787" ind1="0" ind2=" "><marc:subfield code="t">Biography, a prize essay, recited in the Theatre at Oxford, June 3, 1818.</marc:subfield><marc:subfield code="d">pp. 31. [Privately printed: Oxford, 1818.] 8º.</marc:subfield><marc:subfield code="w">(Uk)MP1.0000023334</marc:subfield></marc:datafield><marc:datafield tag="852" ind1="4" ind2="1"><marc:subfield code="a">British Library</marc:subfield><marc:subfield code="b">HMNTS</marc:subfield><marc:subfield code="j">8364.b.41.</marc:subfield></marc:datafield></marc:record>