
<marc:record><marc:leader>00779cam a22001693  4500</marc:leader>
<marc:controlfield tag="001">000021111</marc:controlfield>
<marc:controlfield tag="003">Uk</marc:controlfield><marc:controlfield tag="005">20120203162600.0</marc:controlfield><marc:controlfield tag="008">870814|1857|||||||    ||     ||| |||||  </marc:controlfield><marc:datafield tag="040" ind1=" " ind2=" "><marc:subfield code="a">Uk</marc:subfield><marc:subfield code="c">Uk</marc:subfield></marc:datafield><marc:datafield tag="100" ind1="1" ind2=" "><marc:subfield code="a">ADOLPHUS, Otto.</marc:subfield></marc:datafield><marc:datafield tag="245" ind1="1" ind2="0"><marc:subfield code="a">Compendium Theologicum; or, Manual for students in theology ... Second edition.</marc:subfield></marc:datafield><marc:datafield tag="260" ind1=" " ind2=" "><marc:subfield code="a">Cambridge :</marc:subfield><marc:subfield code="b">J. Hall &amp; Son,</marc:subfield><marc:subfield code="c">1857.</marc:subfield></marc:datafield><marc:datafield tag="300" ind1=" " ind2=" "><marc:subfield code="a">xxiv, 408 p. ;</marc:subfield><marc:subfield code="c">12º.</marc:subfield></marc:datafield><marc:datafield tag="775" ind1="0" ind2=" "><marc:subfield code="t">[Compendium Theologicum; or, Manual for students in theology ... Second edition.]</marc:subfield><marc:subfield code="d">pp. xxxv. 636. J. Hall &amp; Son: Cambridge, 1873. 8º.</marc:subfield><marc:subfield code="w">(Uk)MP1.0000023341.1</marc:subfield></marc:datafield><marc:datafield tag="775" ind1="0" ind2=" "><marc:subfield code="t">[Compendium Theologicum; or, Manual for students in theology ... Second edition.]</marc:subfield><marc:subfield code="d">pp. xv. 648. J. Hall &amp; Son: Cambridge, 1881. 8º.</marc:subfield><marc:subfield code="w">(Uk)MP1.0000023341.2</marc:subfield></marc:datafield><marc:datafield tag="852" ind1="4" ind2="1"><marc:subfield code="a">British Library</marc:subfield><marc:subfield code="b">HMNTS</marc:subfield><marc:subfield code="j">3558.a.3.</marc:subfield></marc:datafield></marc:record>