
<marc:record><marc:leader>00510 am a22001453  4500</marc:leader>
<marc:controlfield tag="001">000021127</marc:controlfield>
<marc:controlfield tag="003">Uk</marc:controlfield><marc:controlfield tag="005">20091125222100.0</marc:controlfield><marc:controlfield tag="008">870814|1812|||||||    ||    |||| |||||  </marc:controlfield><marc:datafield tag="040" ind1=" " ind2=" "><marc:subfield code="a">Uk</marc:subfield><marc:subfield code="c">Uk</marc:subfield></marc:datafield><marc:datafield tag="245" ind1="1" ind2="0"><marc:subfield code="a">Origine de la Maçonnerie Adonhiramite ... précédée d'un chapitre sur l'Egypte anciènne et moderne, etc. [By L. Guillemain de Saint-Victor.]</marc:subfield></marc:datafield><marc:datafield tag="260" ind1=" " ind2=" "><marc:subfield code="a">pp. 164. Heliopolis [Paris], 1812.</marc:subfield></marc:datafield><marc:datafield tag="300" ind1=" " ind2=" "><marc:subfield code="a">8º.</marc:subfield></marc:datafield><marc:datafield tag="720" ind1=" " ind2=" "><marc:subfield code="a">ADONHIRAMITE FREEMASONRY</marc:subfield><marc:subfield code="e">main entry</marc:subfield></marc:datafield><marc:datafield tag="852" ind1="4" ind2="1"><marc:subfield code="a">British Library</marc:subfield><marc:subfield code="b">HMNTS</marc:subfield><marc:subfield code="j">4783.b.22.</marc:subfield></marc:datafield></marc:record>