
<marc:record><marc:leader>01028cam a22002053  4500</marc:leader>
<marc:controlfield tag="001">000021136</marc:controlfield>
<marc:controlfield tag="003">Uk</marc:controlfield><marc:controlfield tag="005">20120217162500.0</marc:controlfield><marc:controlfield tag="008">870814|1820|||||||    ||    |||| ||eng  </marc:controlfield><marc:datafield tag="040" ind1=" " ind2=" "><marc:subfield code="a">Uk</marc:subfield><marc:subfield code="c">Uk</marc:subfield></marc:datafield><marc:datafield tag="245" ind1="1" ind2="4"><marc:subfield code="a">The Acts of Adonis the Great, King of Bull. [A satire upon King George IV.] Second edition.</marc:subfield></marc:datafield><marc:datafield tag="260" ind1=" " ind2=" "><marc:subfield code="a">London :</marc:subfield><marc:subfield code="b">J. Turner,</marc:subfield><marc:subfield code="c">[1820?]</marc:subfield></marc:datafield><marc:datafield tag="300" ind1=" " ind2=" "><marc:subfield code="c">8º.</marc:subfield></marc:datafield><marc:datafield tag="700" ind1="0" ind2=" "><marc:subfield code="a">George</marc:subfield><marc:subfield code="b">IV,</marc:subfield><marc:subfield code="c">King of Great Britain,</marc:subfield><marc:subfield code="d">1762-1830.</marc:subfield><marc:subfield code="t">Appendix</marc:subfield></marc:datafield><marc:datafield tag="720" ind1=" " ind2=" "><marc:subfield code="a">ADONIS, the Great</marc:subfield><marc:subfield code="e">main entry</marc:subfield></marc:datafield><marc:datafield tag="775" ind1="0" ind2=" "><marc:subfield code="t">[The Acts of Adonis the Great, King of Bull. [A satire upon King George IV.] Second edition.]</marc:subfield><marc:subfield code="d">J. Turner: London, [1820.] 8º.</marc:subfield><marc:subfield code="w">(Uk)MP1.0000023371.2</marc:subfield></marc:datafield><marc:datafield tag="775" ind1="0" ind2=" "><marc:subfield code="t">[The Acts of Adonis the Great, King of Bull. [A satire upon King George IV.] Second edition.]</marc:subfield><marc:subfield code="d">J. Turner: London, [1820.] 8º.</marc:subfield><marc:subfield code="w">(Uk)MP1.0000023371.3</marc:subfield></marc:datafield><marc:datafield tag="852" ind1="4" ind2="1"><marc:subfield code="a">British Library</marc:subfield><marc:subfield code="b">HMNTS</marc:subfield><marc:subfield code="j">8138.b.7.</marc:subfield></marc:datafield><marc:datafield tag="852" ind1="4" ind2="1"><marc:subfield code="a">British Library</marc:subfield><marc:subfield code="b">HMNTS</marc:subfield><marc:subfield code="j">8135.bb.3.(17.)</marc:subfield><marc:subfield code="3">[Another copy.]</marc:subfield></marc:datafield><marc:datafield tag="886" ind1="2" ind2=" "><marc:subfield code="2">blmarc</marc:subfield><marc:subfield code="a">709</marc:subfield><marc:subfield code="b">00</marc:subfield><marc:subfield code="a">GEORGE IV., King of Great Britain and Ireland</marc:subfield><marc:subfield code="t">Appendix</marc:subfield><marc:subfield code="p">8138.b.7.</marc:subfield><marc:subfield code="x">1221770144</marc:subfield></marc:datafield></marc:record>