
<marc:record><marc:leader>00444 am a22001333  4500</marc:leader>
<marc:controlfield tag="001">000021154</marc:controlfield>
<marc:controlfield tag="003">Uk</marc:controlfield><marc:controlfield tag="005">20091125222100.0</marc:controlfield><marc:controlfield tag="008">870814|1896|||||||    ||     ||| |||||  </marc:controlfield><marc:datafield tag="040" ind1=" " ind2=" "><marc:subfield code="a">Uk</marc:subfield><marc:subfield code="c">Uk</marc:subfield></marc:datafield><marc:datafield tag="100" ind1="1" ind2=" "><marc:subfield code="a">ADOR, Gustave,</marc:subfield><marc:subfield code="c">President of the Swiss Confederation.</marc:subfield></marc:datafield><marc:datafield tag="245" ind1="1" ind2="0"><marc:subfield code="a">Opinion [on the question of state-regulated prostitution].</marc:subfield></marc:datafield><marc:datafield tag="580" ind1=" " ind2=" "><marc:subfield code="a">In : Opinions. Opinions de quelques hommes en vue. [1896.] 8º.</marc:subfield></marc:datafield><marc:datafield tag="852" ind1="4" ind2="1"><marc:subfield code="a">British Library</marc:subfield><marc:subfield code="b">HMNTS</marc:subfield><marc:subfield code="j">8282.g.37.</marc:subfield></marc:datafield></marc:record>