
<marc:record><marc:leader>00384cam a22001453  4500</marc:leader>
<marc:controlfield tag="001">000021185</marc:controlfield>
<marc:controlfield tag="003">Uk</marc:controlfield><marc:controlfield tag="005">20110311165900.0</marc:controlfield><marc:controlfield tag="008">870814|1855|||||||    ||     ||| |||||  </marc:controlfield><marc:datafield tag="040" ind1=" " ind2=" "><marc:subfield code="a">Uk</marc:subfield><marc:subfield code="c">Uk</marc:subfield></marc:datafield><marc:datafield tag="100" ind1="1" ind2=" "><marc:subfield code="a">ADORNO, Juan Nepomuceno.</marc:subfield></marc:datafield><marc:datafield tag="245" ind1="1" ind2="0"><marc:subfield code="a">Mélographie; ou, nouvelle notation musicale.</marc:subfield></marc:datafield><marc:datafield tag="260" ind1=" " ind2=" "><marc:subfield code="a">Paris,</marc:subfield><marc:subfield code="c">1855.</marc:subfield></marc:datafield><marc:datafield tag="300" ind1=" " ind2=" "><marc:subfield code="a">39 p. ;</marc:subfield><marc:subfield code="c">4º.</marc:subfield></marc:datafield><marc:datafield tag="852" ind1="4" ind2="1"><marc:subfield code="a">British Library</marc:subfield><marc:subfield code="b">HMNTS</marc:subfield><marc:subfield code="j">D-7895.h.6.</marc:subfield></marc:datafield></marc:record>