
<marc:record><marc:leader>00833cam a22001813  4500</marc:leader>
<marc:controlfield tag="001">000021198</marc:controlfield>
<marc:controlfield tag="003">Uk</marc:controlfield><marc:controlfield tag="005">20120203162600.0</marc:controlfield><marc:controlfield tag="008">870814|1828|||||||    ||    |||| |||||  </marc:controlfield><marc:datafield tag="040" ind1=" " ind2=" "><marc:subfield code="a">Uk</marc:subfield><marc:subfield code="c">Uk</marc:subfield></marc:datafield><marc:datafield tag="245" ind1="1" ind2="0"><marc:subfield code="a">Adozinda, romance. Pelo Auctor da Historia da lingua e litteratura Portugueza na collecção intitulada Parnaso Lusitano, etc. [i.e. Viscount J. B. da Silva Leitão de Almeida Garrett.]</marc:subfield></marc:datafield><marc:datafield tag="260" ind1=" " ind2=" "><marc:subfield code="a">Londres :</marc:subfield><marc:subfield code="b">Boosey &amp; Son,</marc:subfield><marc:subfield code="c">1828.</marc:subfield></marc:datafield><marc:datafield tag="300" ind1=" " ind2=" "><marc:subfield code="a">liii, 122 p. ;</marc:subfield><marc:subfield code="c">12º.</marc:subfield></marc:datafield><marc:datafield tag="500" ind1=" " ind2=" "><marc:subfield code="a">With the autograph of Robert Southey.</marc:subfield></marc:datafield><marc:datafield tag="700" ind1="1" ind2=" "><marc:subfield code="a">SILVA LEITÃO DE ALMEIDA GARRETT, João Baptista da,</marc:subfield><marc:subfield code="c">Viscount.</marc:subfield><marc:subfield code="t">Single Works.</marc:subfield></marc:datafield><marc:datafield tag="720" ind1=" " ind2=" "><marc:subfield code="a">ADOZINDA</marc:subfield><marc:subfield code="e">main entry</marc:subfield></marc:datafield><marc:datafield tag="852" ind1="4" ind2="1"><marc:subfield code="a">British Library</marc:subfield><marc:subfield code="b">HMNTS</marc:subfield><marc:subfield code="j">1464.h.18.</marc:subfield></marc:datafield><marc:datafield tag="886" ind1="2" ind2=" "><marc:subfield code="2">blmarc</marc:subfield><marc:subfield code="a">709</marc:subfield><marc:subfield code="b">00</marc:subfield><marc:subfield code="a">SILVA LEITÃO DE ALMEIDA GARRETT</marc:subfield><marc:subfield code="h">João Baptista da</marc:subfield><marc:subfield code="f">Viscount</marc:subfield><marc:subfield code="t">Single Works</marc:subfield><marc:subfield code="p">1464.h.18.</marc:subfield><marc:subfield code="x">3023550042</marc:subfield></marc:datafield></marc:record>