
<marc:record><marc:leader>00744 am a22001573  4500</marc:leader>
<marc:controlfield tag="001">000021241</marc:controlfield>
<marc:controlfield tag="003">Uk</marc:controlfield><marc:controlfield tag="005">20091125222200.0</marc:controlfield><marc:controlfield tag="008">870814|1858|||||||    ||    |||| |||||  </marc:controlfield><marc:datafield tag="040" ind1=" " ind2=" "><marc:subfield code="a">Uk</marc:subfield><marc:subfield code="c">Uk</marc:subfield></marc:datafield><marc:datafield tag="245" ind1="1" ind2="0"><marc:subfield code="a">[Excerpta historica ex libris miraculorum sancti Benedicti quos Adrevaldus, Adelerius, et Aimoinus Floriacenses monachi scripserunt.]</marc:subfield></marc:datafield><marc:datafield tag="250" ind1=" " ind2=" "><marc:subfield code="a">[Another edition.] Les Miracles de Saint Benoît, etc. Lat.</marc:subfield></marc:datafield><marc:datafield tag="580" ind1=" " ind2=" "><marc:subfield code="a">In : Certain (E. de) Les Miracles de Saint Benoit, etc. 1858. 8º.</marc:subfield></marc:datafield><marc:datafield tag="720" ind1=" " ind2=" "><marc:subfield code="a">ADREVALDUS</marc:subfield><marc:subfield code="e">main entry</marc:subfield></marc:datafield><marc:datafield tag="787" ind1="0" ind2=" "><marc:subfield code="t">Excerpta historica ex libris miraculorum sancti Benedicti quos Adrevaldus, Adelerius, et Aimoinus Floriacenses monachi scripserunt.</marc:subfield><marc:subfield code="d">1641.</marc:subfield><marc:subfield code="w">(Uk)MP1.0000023560</marc:subfield></marc:datafield><marc:datafield tag="852" ind1="4" ind2="1"><marc:subfield code="a">British Library</marc:subfield><marc:subfield code="b">HMNTS</marc:subfield><marc:subfield code="j">Ac.6884/37.</marc:subfield></marc:datafield></marc:record>