
<marc:record><marc:leader>00821cam a22001453  4500</marc:leader>
<marc:controlfield tag="001">000021268</marc:controlfield>
<marc:controlfield tag="003">Uk</marc:controlfield><marc:controlfield tag="005">20130220175400.0</marc:controlfield><marc:controlfield tag="008">921029|1821|||||||    ||    |||| |||||  </marc:controlfield><marc:datafield tag="040" ind1=" " ind2=" "><marc:subfield code="a">Uk</marc:subfield><marc:subfield code="c">Uk</marc:subfield></marc:datafield><marc:datafield tag="245" ind1="1" ind2="0"><marc:subfield code="a">Краткое описаніе Ставропигіальнаго Новоспаскаго Монастыря, почерпнутое изъ Историческаго описанія сего Монастыря, напечатаннаго въ Москвѣ 1802 года и Исторіи Россійской Іерархіи, напечатанной въ Москвѣ 1807, 1810, 1811 и 1815 годовъ, etc. [With plates.]</marc:subfield></marc:datafield><marc:datafield tag="260" ind1=" " ind2=" "><marc:subfield code="a">Москва,</marc:subfield><marc:subfield code="c">1821.</marc:subfield></marc:datafield><marc:datafield tag="300" ind1=" " ind2=" "><marc:subfield code="a">103 p. ;</marc:subfield><marc:subfield code="c">8º.</marc:subfield></marc:datafield><marc:datafield tag="720" ind1=" " ind2=" "><marc:subfield code="a">ADRIAN, Ieromonakh, of the Novospassky Monastery, Moscow</marc:subfield><marc:subfield code="e">main entry</marc:subfield></marc:datafield><marc:datafield tag="852" ind1="4" ind2="1"><marc:subfield code="a">British Library</marc:subfield><marc:subfield code="b">HMNTS</marc:subfield><marc:subfield code="j">4857.f.41.</marc:subfield></marc:datafield></marc:record>