
<marc:record><marc:leader>00482cam a22001333  4500</marc:leader>
<marc:controlfield tag="001">000021269</marc:controlfield>
<marc:controlfield tag="003">Uk</marc:controlfield><marc:controlfield tag="005">20070911110749.0</marc:controlfield><marc:controlfield tag="008">870814|1863|||||||    ||    |||| |||||  </marc:controlfield><marc:datafield tag="040" ind1=" " ind2=" "><marc:subfield code="a">Uk</marc:subfield><marc:subfield code="c">Uk</marc:subfield></marc:datafield><marc:datafield tag="100" ind1="0" ind2=" "><marc:subfield code="a">Adrian</marc:subfield><marc:subfield code="b">I,</marc:subfield><marc:subfield code="c">Pope,</marc:subfield><marc:subfield code="d">-795.</marc:subfield></marc:datafield><marc:datafield tag="245" ind1="1" ind2="0"><marc:subfield code="a">Capitula Angilramni (ex Grecis et Latinis canonibus ... collecta ... et Angilramno ... a beato Papo Adriano tradita).</marc:subfield></marc:datafield><marc:datafield tag="580" ind1=" " ind2=" "><marc:subfield code="a">In : Isidorus, Mercator. Decretales pseudo-Isidorianae, etc. 1863. 8º.</marc:subfield></marc:datafield><marc:datafield tag="852" ind1="4" ind2="1"><marc:subfield code="a">British Library</marc:subfield><marc:subfield code="b">HMNTS</marc:subfield><marc:subfield code="j">5051.cc.4.</marc:subfield></marc:datafield></marc:record>