
<marc:record><marc:leader>00628cam a22001573  4500</marc:leader>
<marc:controlfield tag="001">000021293</marc:controlfield>
<marc:controlfield tag="003">Uk</marc:controlfield><marc:controlfield tag="005">20070719144121.0</marc:controlfield><marc:controlfield tag="008">870814|1881|||||||    ||    |||| |||||  </marc:controlfield><marc:datafield tag="040" ind1=" " ind2=" "><marc:subfield code="a">Uk</marc:subfield><marc:subfield code="c">Uk</marc:subfield></marc:datafield><marc:datafield tag="100" ind1="0" ind2=" "><marc:subfield code="a">Adrian</marc:subfield><marc:subfield code="b">VI,</marc:subfield><marc:subfield code="c">Pope,</marc:subfield><marc:subfield code="d">1459-1523.</marc:subfield></marc:datafield><marc:datafield tag="245" ind1="1" ind2="0"><marc:subfield code="a">Correspondenz des Gobernadors von Castilien, Grossinquisitors von Spanien, Cardinals von Tortosa, Adrian von Utrecht mit Kaiser Karl v. im Jahre 1520. Von C. R. v. Höfler. Span.</marc:subfield></marc:datafield><marc:datafield tag="260" ind1=" " ind2=" "><marc:subfield code="a">Prag,</marc:subfield><marc:subfield code="c">1881.</marc:subfield></marc:datafield><marc:datafield tag="300" ind1=" " ind2=" "><marc:subfield code="a">90 p. ;</marc:subfield><marc:subfield code="c">8º.</marc:subfield></marc:datafield><marc:datafield tag="490" ind1="0" ind2=" "><marc:subfield code="a">[Abhandlungen der Königlich-Böhmischen Gesellschaft der Wissenschaften. Folge 6. Bd. 10.]</marc:subfield></marc:datafield><marc:datafield tag="852" ind1="4" ind2="1"><marc:subfield code="a">British Library</marc:subfield><marc:subfield code="b">HMNTS</marc:subfield><marc:subfield code="j">Ac.801.</marc:subfield></marc:datafield></marc:record>