
<marc:record><marc:leader>00644cam a22001693  4500</marc:leader>
<marc:controlfield tag="001">000021378</marc:controlfield>
<marc:controlfield tag="003">Uk</marc:controlfield><marc:controlfield tag="005">20110421155500.0</marc:controlfield><marc:controlfield tag="008">870814|1871|||||||    ||     ||| |||||  </marc:controlfield><marc:datafield tag="040" ind1=" " ind2=" "><marc:subfield code="a">Uk</marc:subfield><marc:subfield code="c">Uk</marc:subfield></marc:datafield><marc:datafield tag="100" ind1="1" ind2=" "><marc:subfield code="a">ADRIANI, Giovanni Battista,</marc:subfield><marc:subfield code="c">of Florence.</marc:subfield></marc:datafield><marc:datafield tag="245" ind1="1" ind2="0"><marc:subfield code="a">Scritti varii editi ed inediti di G. B. Adriani e di Marcello suo figliuolo. Pubblicati a cura di A. Bartoli.</marc:subfield></marc:datafield><marc:datafield tag="260" ind1=" " ind2=" "><marc:subfield code="a">Bologna,</marc:subfield><marc:subfield code="c">1871.</marc:subfield></marc:datafield><marc:datafield tag="300" ind1=" " ind2=" "><marc:subfield code="a">x, 286 p. ;</marc:subfield><marc:subfield code="c">8º.</marc:subfield></marc:datafield><marc:datafield tag="700" ind1="1" ind2=" "><marc:subfield code="a">BARTOLI, Adolfo,</marc:subfield><marc:subfield code="c">Writer on Italian Literature.</marc:subfield></marc:datafield><marc:datafield tag="852" ind1="4" ind2="1"><marc:subfield code="a">British Library</marc:subfield><marc:subfield code="b">HMNTS</marc:subfield><marc:subfield code="j">12226.c.6.(2.)</marc:subfield></marc:datafield><marc:datafield tag="886" ind1="2" ind2=" "><marc:subfield code="2">blmarc</marc:subfield><marc:subfield code="a">709</marc:subfield><marc:subfield code="b">00</marc:subfield><marc:subfield code="a">BARTOLI</marc:subfield><marc:subfield code="h">Adolfo</marc:subfield><marc:subfield code="f">Writer on Italian Literature</marc:subfield><marc:subfield code="p">12226.c.6.(2.)</marc:subfield><marc:subfield code="x">0202530159</marc:subfield></marc:datafield></marc:record>