
<marc:record><marc:leader>00773 am a22001933  4500</marc:leader>
<marc:controlfield tag="001">000021381</marc:controlfield>
<marc:controlfield tag="003">Uk</marc:controlfield><marc:controlfield tag="005">20091125222200.0</marc:controlfield><marc:controlfield tag="008">870814|1822|||||||    ||     ||| |||||  </marc:controlfield><marc:datafield tag="040" ind1=" " ind2=" "><marc:subfield code="a">Uk</marc:subfield><marc:subfield code="c">Uk</marc:subfield></marc:datafield><marc:datafield tag="100" ind1="1" ind2=" "><marc:subfield code="a">ADRIANI, Giovanni Battista,</marc:subfield><marc:subfield code="c">of Florence.</marc:subfield></marc:datafield><marc:datafield tag="245" ind1="1" ind2="0"><marc:subfield code="a">[Istoria de' suoi tempi, etc.]</marc:subfield></marc:datafield><marc:datafield tag="250" ind1=" " ind2=" "><marc:subfield code="a">[Another edition.] (Notizie interno alla vita di G. Adriani Scritte dal Conte G. Mazzuchelli.).</marc:subfield></marc:datafield><marc:datafield tag="260" ind1=" " ind2=" "><marc:subfield code="a">Prato,</marc:subfield><marc:subfield code="c">1822-23.</marc:subfield></marc:datafield><marc:datafield tag="300" ind1=" " ind2=" "><marc:subfield code="a">8 tom. ;</marc:subfield><marc:subfield code="c">8º.</marc:subfield></marc:datafield><marc:datafield tag="700" ind1="1" ind2=" "><marc:subfield code="a">MAZZUCHELLI, Giovanni Maria,</marc:subfield><marc:subfield code="c">Count.</marc:subfield></marc:datafield><marc:datafield tag="787" ind1="0" ind2=" "><marc:subfield code="t">Istoria de' suoi tempi, etc.</marc:subfield><marc:subfield code="d">pp. 1582 [1600]. 86. Bernardo Giunti: Venetia, 1587. 4º.</marc:subfield><marc:subfield code="w">(Uk)MP1.0000023705</marc:subfield></marc:datafield><marc:datafield tag="852" ind1="4" ind2="1"><marc:subfield code="a">British Library</marc:subfield><marc:subfield code="b">HMNTS</marc:subfield><marc:subfield code="j">9150.ccc.20.</marc:subfield></marc:datafield><marc:datafield tag="886" ind1="2" ind2=" "><marc:subfield code="2">blmarc</marc:subfield><marc:subfield code="a">709</marc:subfield><marc:subfield code="b">00</marc:subfield><marc:subfield code="a">MAZZUCHELLI</marc:subfield><marc:subfield code="h">Giovanni Maria</marc:subfield><marc:subfield code="f">Count</marc:subfield><marc:subfield code="p">9150.ccc.20.</marc:subfield><marc:subfield code="x">2163930297</marc:subfield></marc:datafield></marc:record>