
<marc:record><marc:leader>00541 am a22001453  4500</marc:leader>
<marc:controlfield tag="001">000021394</marc:controlfield>
<marc:controlfield tag="003">Uk</marc:controlfield><marc:controlfield tag="005">20091125222200.0</marc:controlfield><marc:controlfield tag="008">870814|1857|||||||    ||     ||| |||||  </marc:controlfield><marc:datafield tag="040" ind1=" " ind2=" "><marc:subfield code="a">Uk</marc:subfield><marc:subfield code="c">Uk</marc:subfield></marc:datafield><marc:datafield tag="100" ind1="1" ind2=" "><marc:subfield code="a">ADRIANI, Giovanni Battista,</marc:subfield><marc:subfield code="c">Professore Commendatore.</marc:subfield></marc:datafield><marc:datafield tag="245" ind1="1" ind2="0"><marc:subfield code="a">Indice analitico e cronologico di alcuni documenti per servire alla storia della città di Cherasco e delle antiche castella di sua dipendenza dal secolo X. al XVII., etc.</marc:subfield></marc:datafield><marc:datafield tag="260" ind1=" " ind2=" "><marc:subfield code="a">Torino,</marc:subfield><marc:subfield code="c">1857.</marc:subfield></marc:datafield><marc:datafield tag="300" ind1=" " ind2=" "><marc:subfield code="a">166 p. ;</marc:subfield><marc:subfield code="c">8º.</marc:subfield></marc:datafield><marc:datafield tag="852" ind1="4" ind2="1"><marc:subfield code="a">British Library</marc:subfield><marc:subfield code="b">HMNTS</marc:subfield><marc:subfield code="j">10132.d.10.</marc:subfield></marc:datafield></marc:record>