
<marc:record><marc:leader>00824cam a22001813  4500</marc:leader>
<marc:controlfield tag="001">000021415</marc:controlfield>
<marc:controlfield tag="003">Uk</marc:controlfield><marc:controlfield tag="005">20121218171100.0</marc:controlfield><marc:controlfield tag="008">870814|1827|||||||    ||     ||| |||||  </marc:controlfield><marc:datafield tag="040" ind1=" " ind2=" "><marc:subfield code="a">Uk</marc:subfield><marc:subfield code="c">Uk</marc:subfield></marc:datafield><marc:datafield tag="100" ind1="1" ind2=" "><marc:subfield code="a">ADRIANI, Marcus Jan.</marc:subfield></marc:datafield><marc:datafield tag="245" ind1="1" ind2="0"><marc:subfield code="a">Hulde aan de nagedachtenis van Graaf Adolf van Nassau, door M. J. Adriani &amp; Mr. H. A. Spandaw.</marc:subfield></marc:datafield><marc:datafield tag="260" ind1=" " ind2=" "><marc:subfield code="a">Groningen :</marc:subfield><marc:subfield code="b">J. Oomkens,</marc:subfield><marc:subfield code="c">1827.</marc:subfield></marc:datafield><marc:datafield tag="300" ind1=" " ind2=" "><marc:subfield code="a">x, 76 p. :</marc:subfield><marc:subfield code="b">plate ;</marc:subfield><marc:subfield code="c">8º.</marc:subfield></marc:datafield><marc:datafield tag="500" ind1=" " ind2=" "><marc:subfield code="a">Consisting of “Redevoering bij de inwijding van het monument voor Graaf Adolf van Nassau” by M. J. Adriani, and “Dichtregelen, bij de inwijding van het gedenkteeken” by H. A. Spandaw.</marc:subfield></marc:datafield><marc:datafield tag="720" ind1=" " ind2=" "><marc:subfield code="a">ADOLPHUS, Count of Nassau-Katzenellenbogen</marc:subfield></marc:datafield><marc:datafield tag="852" ind1="4" ind2="1"><marc:subfield code="a">British Library</marc:subfield><marc:subfield code="b">HMNTS</marc:subfield><marc:subfield code="j">1560/2237.</marc:subfield></marc:datafield><marc:datafield tag="886" ind1="2" ind2=" "><marc:subfield code="2">blmarc</marc:subfield><marc:subfield code="a">709</marc:subfield><marc:subfield code="b">00</marc:subfield><marc:subfield code="a">ADOLPHUS, Count of Nassau-Katzenellenbogen</marc:subfield><marc:subfield code="p">1560/2237.</marc:subfield><marc:subfield code="x">0024210242</marc:subfield></marc:datafield></marc:record>