
<marc:record><marc:leader>00543cam a22001453  4500</marc:leader>
<marc:controlfield tag="001">000021420</marc:controlfield>
<marc:controlfield tag="003">Uk</marc:controlfield><marc:controlfield tag="005">20121115180900.0</marc:controlfield><marc:controlfield tag="008">870814|1893|||||||    ||     ||| |||||  </marc:controlfield><marc:datafield tag="040" ind1=" " ind2=" "><marc:subfield code="a">Uk</marc:subfield><marc:subfield code="c">Uk</marc:subfield></marc:datafield><marc:datafield tag="100" ind1="1" ind2=" "><marc:subfield code="a">ADRIANI, Nicolaus.</marc:subfield></marc:datafield><marc:datafield tag="245" ind1="1" ind2="0"><marc:subfield code="a">Sangireesche Teksten. Met vertaling en aanteekeningen uitgegeven door N. Adriani.</marc:subfield></marc:datafield><marc:datafield tag="260" ind1=" " ind2=" "><marc:subfield code="c">1893, 94.</marc:subfield></marc:datafield><marc:datafield tag="580" ind1=" " ind2=" "><marc:subfield code="a">In : The Hague.-Koninklijk Instituut voor de Taal-, Land- en Volkenkunde van Nederlandsch-Indië. Bijdragen, etc. Volg. 5. dl. 8, 10. 1853, etc. 8º.</marc:subfield></marc:datafield><marc:datafield tag="852" ind1="4" ind2="1"><marc:subfield code="a">British Library</marc:subfield><marc:subfield code="b">HMNTS</marc:subfield><marc:subfield code="j">Ac.7519.</marc:subfield></marc:datafield></marc:record>