
<marc:record><marc:leader>00650cam a22001573  4500</marc:leader>
<marc:controlfield tag="001">000021514</marc:controlfield>
<marc:controlfield tag="003">Uk</marc:controlfield><marc:controlfield tag="005">20120528161300.0</marc:controlfield><marc:controlfield tag="008">870814|1840|||||||    ||    |||| |||||  </marc:controlfield><marc:datafield tag="040" ind1=" " ind2=" "><marc:subfield code="a">Uk</marc:subfield><marc:subfield code="c">Uk</marc:subfield></marc:datafield><marc:datafield tag="245" ind1="1" ind2="0"><marc:subfield code="a">Liedeken van den Franschen Graeve: wonderbare ... historie van Adromanedus, zoon van den graeve d'Engion, etc. (Zedelyk liedeken of disputen van eenen Brandewyn-stokers-baes, die zeyde dat den genveer groote medecyne was, etc.).</marc:subfield></marc:datafield><marc:datafield tag="260" ind1=" " ind2=" "><marc:subfield code="a">Gent,</marc:subfield><marc:subfield code="c">[1840?]</marc:subfield></marc:datafield><marc:datafield tag="300" ind1=" " ind2=" "><marc:subfield code="a">1 sheet ;</marc:subfield><marc:subfield code="c">fol.</marc:subfield></marc:datafield><marc:datafield tag="500" ind1=" " ind2=" "><marc:subfield code="a">No. 18 of a series of broadsides printed by Van Paemel, Ghent.</marc:subfield></marc:datafield><marc:datafield tag="720" ind1=" " ind2=" "><marc:subfield code="a">ADROMANEDUS</marc:subfield><marc:subfield code="e">main entry</marc:subfield></marc:datafield><marc:datafield tag="852" ind1="4" ind2="1"><marc:subfield code="a">British Library</marc:subfield><marc:subfield code="b">HMNTS</marc:subfield><marc:subfield code="j">1871.c.1.(18.)</marc:subfield></marc:datafield></marc:record>