
<marc:record><marc:leader>00743cam a22001453  4500</marc:leader>
<marc:controlfield tag="001">000021548</marc:controlfield>
<marc:controlfield tag="003">Uk</marc:controlfield><marc:controlfield tag="005">20120725174100.0</marc:controlfield><marc:controlfield tag="008">870814|1897|||||||    ||     ||| |||||  </marc:controlfield><marc:datafield tag="040" ind1=" " ind2=" "><marc:subfield code="a">Uk</marc:subfield><marc:subfield code="c">Uk</marc:subfield></marc:datafield><marc:datafield tag="100" ind1="1" ind2=" "><marc:subfield code="a">ADSKY, Sidor,</marc:subfield><marc:subfield code="c">pseud. [i.e. Vasily Sidoratsky.]</marc:subfield></marc:datafield><marc:datafield tag="245" ind1="1" ind2="0"><marc:subfield code="a">Истинный летучій листокъ для собиранья этнографическихъ свѣденій среди заграничныхъ русскихъ соціалистовъ ... состоящихъ подъ руководительствомъ Индійской Императрицы ... Редакторъ Сидоръ Адскій. [Signed: T.]</marc:subfield></marc:datafield><marc:datafield tag="260" ind1=" " ind2=" "><marc:subfield code="a">Paris,</marc:subfield><marc:subfield code="c">1897.</marc:subfield></marc:datafield><marc:datafield tag="300" ind1=" " ind2=" "><marc:subfield code="a">1 sheet ;</marc:subfield><marc:subfield code="c">8º.</marc:subfield></marc:datafield><marc:datafield tag="852" ind1="4" ind2="1"><marc:subfield code="a">British Library</marc:subfield><marc:subfield code="b">HMNTS</marc:subfield><marc:subfield code="j">1882.d.1.(115.)</marc:subfield></marc:datafield></marc:record>