
<marc:record><marc:leader>00524cam a22001453  4500</marc:leader>
<marc:controlfield tag="001">000021576</marc:controlfield>
<marc:controlfield tag="003">Uk</marc:controlfield><marc:controlfield tag="005">20121120180900.0</marc:controlfield><marc:controlfield tag="008">870814|1881|||||||    ||     ||| |||||  </marc:controlfield><marc:datafield tag="040" ind1=" " ind2=" "><marc:subfield code="a">Uk</marc:subfield><marc:subfield code="c">Uk</marc:subfield></marc:datafield><marc:datafield tag="100" ind1="1" ind2=" "><marc:subfield code="a">ADUCCI, Natale.</marc:subfield></marc:datafield><marc:datafield tag="245" ind1="1" ind2="0"><marc:subfield code="a">Progetto per isviluppare la tessitura delle stoffe con la seta del Bomby Perny, e per trovar mezzo d'introdurre in Italia l'allevamento di questo nuovo ... bozzolo e la conseguente trattura.</marc:subfield></marc:datafield><marc:datafield tag="260" ind1=" " ind2=" "><marc:subfield code="a">[Forlì,</marc:subfield><marc:subfield code="c">1881]</marc:subfield></marc:datafield><marc:datafield tag="300" ind1=" " ind2=" "><marc:subfield code="a">34 p. ;</marc:subfield><marc:subfield code="c">8º.</marc:subfield></marc:datafield><marc:datafield tag="852" ind1="4" ind2="1"><marc:subfield code="a">British Library</marc:subfield><marc:subfield code="b">HMNTS</marc:subfield><marc:subfield code="j">7032.h.3.(1.)</marc:subfield></marc:datafield></marc:record>