
<marc:record><marc:leader>00696 am a22001573  4500</marc:leader>
<marc:controlfield tag="001">000021593</marc:controlfield>
<marc:controlfield tag="003">Uk</marc:controlfield><marc:controlfield tag="005">20091125222200.0</marc:controlfield><marc:controlfield tag="008">031217|1830|||||||    ||    |||| |||||  </marc:controlfield><marc:datafield tag="040" ind1=" " ind2=" "><marc:subfield code="a">Uk</marc:subfield><marc:subfield code="c">Uk</marc:subfield></marc:datafield><marc:datafield tag="245" ind1="1" ind2="0"><marc:subfield code="a">Deadly Adulteration and slow poisoning; or, disease and death in the pot and the bottle.</marc:subfield></marc:datafield><marc:datafield tag="260" ind1=" " ind2=" "><marc:subfield code="a">pp. 187. Sherwood, Gilbert &amp; Piper: London, [1830?]</marc:subfield></marc:datafield><marc:datafield tag="300" ind1=" " ind2=" "><marc:subfield code="a">12º.</marc:subfield></marc:datafield><marc:datafield tag="720" ind1=" " ind2=" "><marc:subfield code="a">ADULTERATION</marc:subfield><marc:subfield code="e">main entry</marc:subfield></marc:datafield><marc:datafield tag="775" ind1="0" ind2=" "><marc:subfield code="t">[Deadly Adulteration and slow poisoning; or, disease and death in the pot and the bottle.]</marc:subfield><marc:subfield code="d">London: Published by Sherwood, Gilbert and Piper, [1839?]. (Marchant, printer). vi, [2], 190p.; (12º); 19 cm.</marc:subfield><marc:subfield code="w">(Uk)MP1.0000023959.1</marc:subfield></marc:datafield><marc:datafield tag="852" ind1="4" ind2="1"><marc:subfield code="a">British Library</marc:subfield><marc:subfield code="b">HMNTS</marc:subfield><marc:subfield code="j">1037.b.32.</marc:subfield></marc:datafield></marc:record>