
<marc:record><marc:leader>00998 am a22001813  4500</marc:leader>
<marc:controlfield tag="001">000021594</marc:controlfield>
<marc:controlfield tag="003">Uk</marc:controlfield><marc:controlfield tag="005">20091125222200.0</marc:controlfield><marc:controlfield tag="008">031217|1839|||||||    ||    |||| |||||  </marc:controlfield><marc:datafield tag="040" ind1=" " ind2=" "><marc:subfield code="a">Uk</marc:subfield><marc:subfield code="c">Uk</marc:subfield></marc:datafield><marc:datafield tag="245" ind1="1" ind2="0"><marc:subfield code="a">[Deadly Adulteration and slow poisoning; or, disease and death in the pot and the bottle.]</marc:subfield></marc:datafield><marc:datafield tag="250" ind1=" " ind2=" "><marc:subfield code="a">New edition.</marc:subfield></marc:datafield><marc:datafield tag="260" ind1=" " ind2=" "><marc:subfield code="a">London: Published by Sherwood, Gilbert and Piper, [1839?].</marc:subfield></marc:datafield><marc:datafield tag="300" ind1=" " ind2=" "><marc:subfield code="a">(Marchant, printer). vi, [2], 190p.; (12º); 19 cm.</marc:subfield></marc:datafield><marc:datafield tag="500" ind1=" " ind2=" "><marc:subfield code="a">Contains [6]p. Catalogue at end of text, of books printed for Sherwood, Gilbert, and Piper. Printer's name from colophon. With the stamp of the Patent Office Library. In a contemporary English mauve publisher's cloth binding blocked with a floral design.</marc:subfield></marc:datafield><marc:datafield tag="720" ind1=" " ind2=" "><marc:subfield code="a">ADULTERATION</marc:subfield><marc:subfield code="e">main entry</marc:subfield></marc:datafield><marc:datafield tag="787" ind1="0" ind2=" "><marc:subfield code="t">Deadly Adulteration and slow poisoning; or, disease and death in the pot and the bottle.</marc:subfield><marc:subfield code="d">pp. 187. Sherwood, Gilbert &amp; Piper: London, [1830?] 12º.</marc:subfield><marc:subfield code="w">(Uk)MP1.0000023959</marc:subfield></marc:datafield><marc:datafield tag="852" ind1="4" ind2="1"><marc:subfield code="a">British Library</marc:subfield><marc:subfield code="b">HMNTS</marc:subfield><marc:subfield code="j">RB.23.a.25295.</marc:subfield></marc:datafield></marc:record>