
<marc:record><marc:leader>00734cam a22001693  4500</marc:leader>
<marc:controlfield tag="001">000021640</marc:controlfield>
<marc:controlfield tag="003">Uk</marc:controlfield><marc:controlfield tag="005">20130715184800.0</marc:controlfield><marc:controlfield tag="008">960201|1866||||enk    ||    |||| ||eng  </marc:controlfield><marc:datafield tag="040" ind1=" " ind2=" "><marc:subfield code="a">Uk</marc:subfield><marc:subfield code="c">Uk</marc:subfield></marc:datafield><marc:datafield tag="245" ind1="1" ind2="4"><marc:subfield code="a">The Advantage of Harmonious Action between the Church and the State in the matter of National Education. Is it possible? By one of Her Majesty's Inspectors of Church of England Schools.</marc:subfield></marc:datafield><marc:datafield tag="260" ind1=" " ind2=" "><marc:subfield code="a">London :</marc:subfield><marc:subfield code="b">William Ridgway ;</marc:subfield><marc:subfield code="a">York :</marc:subfield><marc:subfield code="b">R. Sunter,</marc:subfield><marc:subfield code="c">1866.</marc:subfield></marc:datafield><marc:datafield tag="300" ind1=" " ind2=" "><marc:subfield code="a">21 p. ;</marc:subfield><marc:subfield code="c">8º.</marc:subfield></marc:datafield><marc:datafield tag="710" ind1="2" ind2=" "><marc:subfield code="a">Church of England</marc:subfield><marc:subfield code="t">Appendix.</marc:subfield></marc:datafield><marc:datafield tag="720" ind1=" " ind2=" "><marc:subfield code="a">ADVANTAGE</marc:subfield><marc:subfield code="e">main entry</marc:subfield></marc:datafield><marc:datafield tag="852" ind1="4" ind2="1"><marc:subfield code="a">British Library</marc:subfield><marc:subfield code="b">HMNTS</marc:subfield><marc:subfield code="j">8308.bbb.26.</marc:subfield></marc:datafield><marc:datafield tag="886" ind1="2" ind2=" "><marc:subfield code="2">blmarc</marc:subfield><marc:subfield code="a">709</marc:subfield><marc:subfield code="b">00</marc:subfield><marc:subfield code="a">ENGLAND</marc:subfield><marc:subfield code="d">Churches and Religious Bodies</marc:subfield><marc:subfield code="d">Church of England</marc:subfield><marc:subfield code="t">Appendix</marc:subfield><marc:subfield code="p">8308.bbb.26.</marc:subfield><marc:subfield code="x">0992070147</marc:subfield></marc:datafield></marc:record>