
<marc:record><marc:leader>00728cam a22001693  4500</marc:leader>
<marc:controlfield tag="001">000021680</marc:controlfield>
<marc:controlfield tag="003">Uk</marc:controlfield><marc:controlfield tag="005">20120203162600.0</marc:controlfield><marc:controlfield tag="008">870814|1853|||||||    ||    |||| ||eng  </marc:controlfield><marc:datafield tag="040" ind1=" " ind2=" "><marc:subfield code="a">Uk</marc:subfield><marc:subfield code="c">Uk</marc:subfield></marc:datafield><marc:datafield tag="245" ind1="1" ind2="4"><marc:subfield code="a">The Warnings of Advent. A course of sermons, preached in the Church of St. Bartholomew, Moor Lane, Cripplegate, in Advent-tide, MDCCCLII. [By various authors. Edited by William Denton.]</marc:subfield></marc:datafield><marc:datafield tag="260" ind1=" " ind2=" "><marc:subfield code="a">London :</marc:subfield><marc:subfield code="b">J. Whitaker,</marc:subfield><marc:subfield code="c">1853.</marc:subfield></marc:datafield><marc:datafield tag="300" ind1=" " ind2=" "><marc:subfield code="a">xv, 353 p. ;</marc:subfield><marc:subfield code="c">8º.</marc:subfield></marc:datafield><marc:datafield tag="700" ind1="1" ind2=" "><marc:subfield code="a">DENTON, William,</marc:subfield><marc:subfield code="c">Incumbent of St. Bartholomew, Moorfields.</marc:subfield></marc:datafield><marc:datafield tag="720" ind1=" " ind2=" "><marc:subfield code="a">ADVENT</marc:subfield><marc:subfield code="e">main entry</marc:subfield></marc:datafield><marc:datafield tag="852" ind1="4" ind2="1"><marc:subfield code="a">British Library</marc:subfield><marc:subfield code="b">HMNTS</marc:subfield><marc:subfield code="j">4461.g.29.</marc:subfield></marc:datafield><marc:datafield tag="886" ind1="2" ind2=" "><marc:subfield code="2">blmarc</marc:subfield><marc:subfield code="a">709</marc:subfield><marc:subfield code="b">00</marc:subfield><marc:subfield code="a">DENTON</marc:subfield><marc:subfield code="h">William</marc:subfield><marc:subfield code="f">Incumbent of St. Bartholomew, Moorfields</marc:subfield><marc:subfield code="p">4461.g.29.</marc:subfield><marc:subfield code="x">0810020203</marc:subfield></marc:datafield></marc:record>