
<marc:record><marc:leader>00722 am a22001693  4500</marc:leader>
<marc:controlfield tag="001">000021699</marc:controlfield>
<marc:controlfield tag="003">Uk</marc:controlfield><marc:controlfield tag="005">20091125222200.0</marc:controlfield><marc:controlfield tag="008">870814|1895|||||||    ||    |||| |||||  </marc:controlfield><marc:datafield tag="040" ind1=" " ind2=" "><marc:subfield code="a">Uk</marc:subfield><marc:subfield code="c">Uk</marc:subfield></marc:datafield><marc:datafield tag="245" ind1="1" ind2="0"><marc:subfield code="a">Adventure and Adventurers: being true tales of daring, peril and heroism. Selected by the editor of 'Recent Travel and Adventure [i.e. Robert Cockrane],' etc.</marc:subfield></marc:datafield><marc:datafield tag="260" ind1=" " ind2=" "><marc:subfield code="a">pp. 288. W. &amp; R. Chambers: London &amp; Edinburgh, 1895 [1894].</marc:subfield></marc:datafield><marc:datafield tag="300" ind1=" " ind2=" "><marc:subfield code="a">8º.</marc:subfield></marc:datafield><marc:datafield tag="700" ind1="1" ind2=" "><marc:subfield code="a">COCHRANE, Robert,</marc:subfield><marc:subfield code="c">Editor of “The English Essayists.”.</marc:subfield></marc:datafield><marc:datafield tag="720" ind1=" " ind2=" "><marc:subfield code="a">ADVENTURE</marc:subfield><marc:subfield code="e">main entry</marc:subfield></marc:datafield><marc:datafield tag="852" ind1="4" ind2="1"><marc:subfield code="a">British Library</marc:subfield><marc:subfield code="b">HMNTS</marc:subfield><marc:subfield code="j">012330.g.62.</marc:subfield></marc:datafield><marc:datafield tag="886" ind1="2" ind2=" "><marc:subfield code="2">blmarc</marc:subfield><marc:subfield code="a">709</marc:subfield><marc:subfield code="b">00</marc:subfield><marc:subfield code="a">COCHRANE</marc:subfield><marc:subfield code="h">Robert</marc:subfield><marc:subfield code="f">Editor of “The English Essayists.”</marc:subfield><marc:subfield code="p">012330.g.62.</marc:subfield><marc:subfield code="x">0650480236</marc:subfield></marc:datafield></marc:record>