
<marc:record><marc:leader>00793cam a22001693  4500</marc:leader>
<marc:controlfield tag="001">000021707</marc:controlfield>
<marc:controlfield tag="003">Uk</marc:controlfield><marc:controlfield tag="005">20130708175200.0</marc:controlfield><marc:controlfield tag="008">870814|1882||||enk    ||    |||| |||||  </marc:controlfield><marc:datafield tag="040" ind1=" " ind2=" "><marc:subfield code="a">Uk</marc:subfield><marc:subfield code="c">Uk</marc:subfield></marc:datafield><marc:datafield tag="245" ind1="1" ind2="0"><marc:subfield code="a">Heroic Adventure. Chapters in recent exploration and discovery. With portraits, etc.</marc:subfield></marc:datafield><marc:datafield tag="260" ind1=" " ind2=" "><marc:subfield code="a">London :</marc:subfield><marc:subfield code="b">T. Fisher Unwin,</marc:subfield><marc:subfield code="c">[1882]</marc:subfield></marc:datafield><marc:datafield tag="300" ind1=" " ind2=" "><marc:subfield code="a">258 p. ;</marc:subfield><marc:subfield code="c">8º.</marc:subfield></marc:datafield><marc:datafield tag="720" ind1=" " ind2=" "><marc:subfield code="a">ADVENTURE</marc:subfield><marc:subfield code="e">main entry</marc:subfield></marc:datafield><marc:datafield tag="775" ind1="0" ind2=" "><marc:subfield code="t">[Heroic Adventure. Chapters in recent exploration and discovery. With portraits, etc.]</marc:subfield><marc:subfield code="d">pp. iv. 258. T. Fisher Unwin: London, 1883. 8º.</marc:subfield><marc:subfield code="w">(Uk)MP1.0000024186.1</marc:subfield></marc:datafield><marc:datafield tag="775" ind1="0" ind2=" "><marc:subfield code="t">[Heroic Adventure. Chapters in recent exploration and discovery. With portraits, etc.]</marc:subfield><marc:subfield code="d">pp. iv. 258. T. Fisher Unwin: London, [1884.] 8º.</marc:subfield><marc:subfield code="w">(Uk)MP1.0000024186.2</marc:subfield></marc:datafield><marc:datafield tag="852" ind1="4" ind2="1"><marc:subfield code="a">British Library</marc:subfield><marc:subfield code="b">HMNTS</marc:subfield><marc:subfield code="j">10024.b.15.</marc:subfield></marc:datafield></marc:record>