
<marc:record><marc:leader>00760cam a22001933  4500</marc:leader>
<marc:controlfield tag="001">000021779</marc:controlfield>
<marc:controlfield tag="003">Uk</marc:controlfield><marc:controlfield tag="005">20110421155500.0</marc:controlfield><marc:controlfield tag="008">870814|1828|||||||    ||    |||| |||||  </marc:controlfield><marc:datafield tag="040" ind1=" " ind2=" "><marc:subfield code="a">Uk</marc:subfield><marc:subfield code="c">Uk</marc:subfield></marc:datafield><marc:datafield tag="245" ind1="1" ind2="5"><marc:subfield code="a">[The Adventures of a Pincushion, etc. [By Mary Jane Kilner.]]</marc:subfield></marc:datafield><marc:datafield tag="250" ind1=" " ind2=" "><marc:subfield code="a">New edition.</marc:subfield></marc:datafield><marc:datafield tag="260" ind1=" " ind2=" "><marc:subfield code="a">London :</marc:subfield><marc:subfield code="b">John Harris,</marc:subfield><marc:subfield code="c">1828.</marc:subfield></marc:datafield><marc:datafield tag="300" ind1=" " ind2=" "><marc:subfield code="a">72 p. ;</marc:subfield><marc:subfield code="c">12º.</marc:subfield></marc:datafield><marc:datafield tag="700" ind1="1" ind2=" "><marc:subfield code="a">Kilner, Mary Ann,</marc:subfield><marc:subfield code="d">1753-1831.</marc:subfield></marc:datafield><marc:datafield tag="720" ind1=" " ind2=" "><marc:subfield code="a">ADVENTURES</marc:subfield><marc:subfield code="e">main entry</marc:subfield></marc:datafield><marc:datafield tag="787" ind1="0" ind2=" "><marc:subfield code="t">The Adventures of a Pincushion, etc. [By Mary Jane Kilner.]</marc:subfield><marc:subfield code="d">pp. 103. John Marshall: London, [1790?] 12º.</marc:subfield><marc:subfield code="w">(Uk)MP1.0000024266</marc:subfield></marc:datafield><marc:datafield tag="852" ind1="4" ind2="1"><marc:subfield code="a">British Library</marc:subfield><marc:subfield code="b">HMNTS</marc:subfield><marc:subfield code="j">012806.f.19.</marc:subfield></marc:datafield><marc:datafield tag="886" ind1="2" ind2=" "><marc:subfield code="2">blmarc</marc:subfield><marc:subfield code="a">709</marc:subfield><marc:subfield code="b">00</marc:subfield><marc:subfield code="a">KILNER</marc:subfield><marc:subfield code="h">Mary Ann</marc:subfield><marc:subfield code="p">C.95.b.17.</marc:subfield><marc:subfield code="x">1742230210</marc:subfield><marc:subfield code="p">012806.f.19.</marc:subfield><marc:subfield code="x">1742230237</marc:subfield><marc:subfield code="p">012808.ee.16.</marc:subfield><marc:subfield code="x">1742230229</marc:subfield></marc:datafield></marc:record>