
<marc:record><marc:leader>00595cam a22001693  4500</marc:leader>
<marc:controlfield tag="001">000021782</marc:controlfield>
<marc:controlfield tag="003">Uk</marc:controlfield><marc:controlfield tag="005">20130213081200.0</marc:controlfield><marc:controlfield tag="008">870814|1817|||||||    ||    |||| ||eng  </marc:controlfield><marc:datafield tag="040" ind1=" " ind2=" "><marc:subfield code="a">Uk</marc:subfield><marc:subfield code="c">Uk</marc:subfield></marc:datafield><marc:datafield tag="245" ind1="1" ind2="4"><marc:subfield code="a">The Adventures of a Post Captain. By a Naval Officer. [In verse.] With ... engravings, by Mr. Williams.</marc:subfield></marc:datafield><marc:datafield tag="260" ind1=" " ind2=" "><marc:subfield code="a">London :</marc:subfield><marc:subfield code="b">J. Johnston,</marc:subfield><marc:subfield code="c">[1817.].</marc:subfield></marc:datafield><marc:datafield tag="300" ind1=" " ind2=" "><marc:subfield code="a">280 p. ;</marc:subfield><marc:subfield code="c">8º.</marc:subfield></marc:datafield><marc:datafield tag="700" ind1="1" ind2=" "><marc:subfield code="a">Williams, Samuel,</marc:subfield><marc:subfield code="d">1788-1853.</marc:subfield></marc:datafield><marc:datafield tag="720" ind1=" " ind2=" "><marc:subfield code="a">ADVENTURES</marc:subfield><marc:subfield code="e">main entry</marc:subfield></marc:datafield><marc:datafield tag="852" ind1="4" ind2="1"><marc:subfield code="a">British Library</marc:subfield><marc:subfield code="b">HMNTS</marc:subfield><marc:subfield code="j">11642.g.19.</marc:subfield></marc:datafield><marc:datafield tag="886" ind1="2" ind2=" "><marc:subfield code="2">blmarc</marc:subfield><marc:subfield code="a">709</marc:subfield><marc:subfield code="b">00</marc:subfield><marc:subfield code="a">WILLIAMS</marc:subfield><marc:subfield code="h">Samuel</marc:subfield><marc:subfield code="f">Wood Engraver</marc:subfield><marc:subfield code="p">11642.g.19.</marc:subfield><marc:subfield code="x">3521520161</marc:subfield></marc:datafield></marc:record>