
<marc:record><marc:leader>01425 am a22002533  4500</marc:leader>
<marc:controlfield tag="001">000021792</marc:controlfield>
<marc:controlfield tag="003">Uk</marc:controlfield><marc:controlfield tag="005">20091125222200.0</marc:controlfield><marc:controlfield tag="008">870814|1826|||||||    ||    |||| |||||  </marc:controlfield><marc:datafield tag="040" ind1=" " ind2=" "><marc:subfield code="a">Uk</marc:subfield><marc:subfield code="c">Uk</marc:subfield></marc:datafield><marc:datafield tag="245" ind1="1" ind2="0"><marc:subfield code="a">Adventures of a Young Rifleman, in the French and English armies, during the war in Spain and Portugal, from 1806 to 1816. Written by himself. Second edition. [With a preface by Goethe. Translated from vol. 1, 2 of “Der junge Feldjäger in französischen und englischen Diensten” by Johan Christian Mämpel.]</marc:subfield></marc:datafield><marc:datafield tag="260" ind1=" " ind2=" "><marc:subfield code="a">London :</marc:subfield><marc:subfield code="b">Henry Colburn,</marc:subfield><marc:subfield code="c">1826.</marc:subfield></marc:datafield><marc:datafield tag="300" ind1=" " ind2=" "><marc:subfield code="a">viii, 363 p. ;</marc:subfield><marc:subfield code="c">12º.</marc:subfield></marc:datafield><marc:datafield tag="500" ind1=" " ind2=" "><marc:subfield code="a">An English translation of vol. 3 of the original German edition, entitled “The Young Rifleman's Comrade”; is entered under Rifleman.</marc:subfield></marc:datafield><marc:datafield tag="700" ind1="1" ind2=" "><marc:subfield code="a">Goethe, Johann Wolfgang von,</marc:subfield><marc:subfield code="d">1749-1832</marc:subfield><marc:subfield code="t">Works annotated, edited or with contributions by J. W. von Goethe.</marc:subfield></marc:datafield><marc:datafield tag="700" ind1="1" ind2=" "><marc:subfield code="a">MAEMPEL, Johan Christian.</marc:subfield></marc:datafield><marc:datafield tag="720" ind1=" " ind2=" "><marc:subfield code="a">ADVENTURES</marc:subfield><marc:subfield code="e">main entry</marc:subfield></marc:datafield><marc:datafield tag="720" ind1=" " ind2=" "><marc:subfield code="a">FELDJAEGER</marc:subfield></marc:datafield><marc:datafield tag="720" ind1=" " ind2=" "><marc:subfield code="a">RIFLEMAN</marc:subfield></marc:datafield><marc:datafield tag="852" ind1="4" ind2="1"><marc:subfield code="a">British Library</marc:subfield><marc:subfield code="b">HMNTS</marc:subfield><marc:subfield code="j">9076.ccc.15.</marc:subfield></marc:datafield><marc:datafield tag="886" ind1="2" ind2=" "><marc:subfield code="2">blmarc</marc:subfield><marc:subfield code="a">709</marc:subfield><marc:subfield code="b">00</marc:subfield><marc:subfield code="a">FELDJAEGER</marc:subfield><marc:subfield code="p">9076.ccc.15.</marc:subfield><marc:subfield code="x">1064760252</marc:subfield></marc:datafield><marc:datafield tag="886" ind1="2" ind2=" "><marc:subfield code="2">blmarc</marc:subfield><marc:subfield code="a">709</marc:subfield><marc:subfield code="b">00</marc:subfield><marc:subfield code="a">GOETHE</marc:subfield><marc:subfield code="h">Johann Wolfgang von</marc:subfield><marc:subfield code="t">Works annotated, edited or with contributions by J. W. von Goethe</marc:subfield><marc:subfield code="p">9076.ccc.15.</marc:subfield><marc:subfield code="x">1271750236</marc:subfield></marc:datafield><marc:datafield tag="886" ind1="2" ind2=" "><marc:subfield code="2">blmarc</marc:subfield><marc:subfield code="a">709</marc:subfield><marc:subfield code="b">00</marc:subfield><marc:subfield code="a">MAEMPEL</marc:subfield><marc:subfield code="h">Johan Christian</marc:subfield><marc:subfield code="p">9076.ccc.15.</marc:subfield><marc:subfield code="x">2073260039</marc:subfield></marc:datafield><marc:datafield tag="886" ind1="2" ind2=" "><marc:subfield code="2">blmarc</marc:subfield><marc:subfield code="a">709</marc:subfield><marc:subfield code="b">00</marc:subfield><marc:subfield code="a">RIFLEMAN</marc:subfield><marc:subfield code="p">9076.ccc.15.</marc:subfield><marc:subfield code="x">2761710266</marc:subfield></marc:datafield></marc:record>