
<marc:record><marc:leader>01293cam a22002413  4500</marc:leader>
<marc:controlfield tag="001">000021793</marc:controlfield>
<marc:controlfield tag="003">Uk</marc:controlfield><marc:controlfield tag="005">20130709170300.0</marc:controlfield><marc:controlfield tag="008">970507|1831||||enk    ||    |||| |||||  </marc:controlfield><marc:datafield tag="040" ind1=" " ind2=" "><marc:subfield code="a">Uk</marc:subfield><marc:subfield code="c">Uk</marc:subfield></marc:datafield><marc:datafield tag="245" ind1="1" ind2="0"><marc:subfield code="a">Adventures of a Younger Son. [By Edward J. Trelawny.]</marc:subfield></marc:datafield><marc:datafield tag="260" ind1=" " ind2=" "><marc:subfield code="a">London :</marc:subfield><marc:subfield code="b">Henry Colburn &amp; Richard Bentley,</marc:subfield><marc:subfield code="c">1831.</marc:subfield></marc:datafield><marc:datafield tag="300" ind1=" " ind2=" "><marc:subfield code="a">3 vol. ;</marc:subfield><marc:subfield code="c">8º.</marc:subfield></marc:datafield><marc:datafield tag="700" ind1="1" ind2=" "><marc:subfield code="a">GARNETT, Edward William.</marc:subfield></marc:datafield><marc:datafield tag="700" ind1="1" ind2=" "><marc:subfield code="a">Trelawny, Edward John,</marc:subfield><marc:subfield code="d">1792-1881.</marc:subfield></marc:datafield><marc:datafield tag="720" ind1=" " ind2=" "><marc:subfield code="a">ADVENTURES</marc:subfield><marc:subfield code="e">main entry</marc:subfield></marc:datafield><marc:datafield tag="775" ind1="0" ind2=" "><marc:subfield code="t">[Adventures of a Younger Son. [By Edward J. Trelawny.]]</marc:subfield><marc:subfield code="d">pp. vii. 516. Richard Bentley: London, 1835. 8º.</marc:subfield><marc:subfield code="w">(Uk)MP1.0000024280.1</marc:subfield></marc:datafield><marc:datafield tag="775" ind1="0" ind2=" "><marc:subfield code="t">[Adventures of a Younger Son. [By Edward J. Trelawny.]]</marc:subfield><marc:subfield code="n">In Parlour Library. The Parlour Library. Vol. 141. 1847, etc. 8º.</marc:subfield><marc:subfield code="w">(Uk)MP1.0000024280.2</marc:subfield></marc:datafield><marc:datafield tag="775" ind1="0" ind2=" "><marc:subfield code="t">[Adventures of a Younger Son. [By Edward J. Trelawny.]]</marc:subfield><marc:subfield code="d">pp. 521. 1890.</marc:subfield><marc:subfield code="w">(Uk)MP1.0000024280.3</marc:subfield></marc:datafield><marc:datafield tag="775" ind1="0" ind2=" "><marc:subfield code="t">[Adventures of a Younger Son. [By Edward J. Trelawny.]]</marc:subfield><marc:subfield code="d">London: T. Fisher Unwin, 1891. pp. 521: plates; ports. (8º); 22 cm.</marc:subfield><marc:subfield code="w">(Uk)MP1.0000024280.4</marc:subfield></marc:datafield><marc:datafield tag="852" ind1="4" ind2="1"><marc:subfield code="a">British Library</marc:subfield><marc:subfield code="b">HMNTS</marc:subfield><marc:subfield code="j">N.864.</marc:subfield></marc:datafield><marc:datafield tag="886" ind1="2" ind2=" "><marc:subfield code="2">blmarc</marc:subfield><marc:subfield code="a">709</marc:subfield><marc:subfield code="b">00</marc:subfield><marc:subfield code="a">GARNETT</marc:subfield><marc:subfield code="h">Edward William</marc:subfield><marc:subfield code="p">012207.k.1.(1.)</marc:subfield><marc:subfield code="x">1201640415</marc:subfield></marc:datafield><marc:datafield tag="886" ind1="2" ind2=" "><marc:subfield code="2">blmarc</marc:subfield><marc:subfield code="a">709</marc:subfield><marc:subfield code="b">00</marc:subfield><marc:subfield code="a">TRELAWNY</marc:subfield><marc:subfield code="h">Edward John</marc:subfield><marc:subfield code="p">N.864.</marc:subfield><marc:subfield code="p">1153.b.20.</marc:subfield><marc:subfield code="p">12600.bb.</marc:subfield><marc:subfield code="p">012207.k.1/1.</marc:subfield><marc:subfield code="x">3291010078</marc:subfield></marc:datafield></marc:record>