
<marc:record><marc:leader>00846cam a22002053  4500</marc:leader>
<marc:controlfield tag="001">000021796</marc:controlfield>
<marc:controlfield tag="003">Uk</marc:controlfield><marc:controlfield tag="005">20120224170000.0</marc:controlfield><marc:controlfield tag="008">970507|1890|||||||    ||    |||| |||||  </marc:controlfield><marc:datafield tag="040" ind1=" " ind2=" "><marc:subfield code="a">Uk</marc:subfield><marc:subfield code="c">Uk</marc:subfield></marc:datafield><marc:datafield tag="245" ind1="1" ind2="0"><marc:subfield code="a">[Adventures of a Younger Son. [By Edward J. Trelawny.]]</marc:subfield></marc:datafield><marc:datafield tag="250" ind1=" " ind2=" "><marc:subfield code="a">New edition, with an introduction by E. Garnett. Illustrated.</marc:subfield></marc:datafield><marc:datafield tag="260" ind1=" " ind2=" "><marc:subfield code="c">1890.</marc:subfield></marc:datafield><marc:datafield tag="300" ind1=" " ind2=" "><marc:subfield code="a">521 p.</marc:subfield></marc:datafield><marc:datafield tag="580" ind1=" " ind2=" "><marc:subfield code="a">In: Adventure Series. The Adventure Series. 1890, etc. 8º.</marc:subfield></marc:datafield><marc:datafield tag="700" ind1="1" ind2=" "><marc:subfield code="a">Trelawny, Edward John,</marc:subfield><marc:subfield code="d">1792-1881.</marc:subfield></marc:datafield><marc:datafield tag="720" ind1=" " ind2=" "><marc:subfield code="a">ADVENTURES</marc:subfield><marc:subfield code="e">main entry</marc:subfield></marc:datafield><marc:datafield tag="787" ind1="0" ind2=" "><marc:subfield code="t">Adventures of a Younger Son. [By Edward J. Trelawny.]</marc:subfield><marc:subfield code="d">3 vol. Henry Colburn &amp; Richard Bentley: London, 1831. 8º.</marc:subfield><marc:subfield code="w">(Uk)MP1.0000024280</marc:subfield></marc:datafield><marc:datafield tag="852" ind1="4" ind2="1"><marc:subfield code="a">British Library</marc:subfield><marc:subfield code="b">HMNTS</marc:subfield><marc:subfield code="j">012207.k.1/1.</marc:subfield></marc:datafield><marc:datafield tag="886" ind1="2" ind2=" "><marc:subfield code="2">blmarc</marc:subfield><marc:subfield code="a">709</marc:subfield><marc:subfield code="b">00</marc:subfield><marc:subfield code="a">TRELAWNY</marc:subfield><marc:subfield code="h">Edward John</marc:subfield><marc:subfield code="p">N.864.</marc:subfield><marc:subfield code="p">1153.b.20.</marc:subfield><marc:subfield code="p">12600.bb.</marc:subfield><marc:subfield code="p">012207.k.1/1.</marc:subfield><marc:subfield code="x">3291010078</marc:subfield></marc:datafield></marc:record>