
<marc:record><marc:leader>00901cam a22002053  4500</marc:leader>
<marc:controlfield tag="001">000021809</marc:controlfield>
<marc:controlfield tag="003">Uk</marc:controlfield><marc:controlfield tag="005">20130214180800.0</marc:controlfield><marc:controlfield tag="008">870814|1812|||||||    ||    |||| ||eng  </marc:controlfield><marc:datafield tag="040" ind1=" " ind2=" "><marc:subfield code="a">Uk</marc:subfield><marc:subfield code="c">Uk</marc:subfield></marc:datafield><marc:datafield tag="245" ind1="1" ind2="4"><marc:subfield code="a">The adventures of the celebrated little Thomas Dellow, who was stolen from his parents on the 18th of November, 1811. And restored to them on the 3d of January, 1812, etc.</marc:subfield></marc:datafield><marc:datafield tag="260" ind1=" " ind2=" "><marc:subfield code="a">London :</marc:subfield><marc:subfield code="b">Wm. Darton,</marc:subfield><marc:subfield code="c">1812.</marc:subfield></marc:datafield><marc:datafield tag="300" ind1=" " ind2=" "><marc:subfield code="a">31 p. :</marc:subfield><marc:subfield code="b">plates, ports. ;</marc:subfield><marc:subfield code="c">13 cm. (16º)</marc:subfield></marc:datafield><marc:datafield tag="500" ind1=" " ind2=" "><marc:subfield code="a">Verses, followed by “The stolen child. A true story” in prose. On the kidnapping of Thomas Dellow by Charlotte Magnay.</marc:subfield></marc:datafield><marc:datafield tag="700" ind1="1" ind2=" "><marc:subfield code="a">Dellow, Thomas.</marc:subfield></marc:datafield><marc:datafield tag="700" ind1="1" ind2=" "><marc:subfield code="a">Magnay, Charlotte.</marc:subfield></marc:datafield><marc:datafield tag="720" ind1=" " ind2=" "><marc:subfield code="a">ADVENTURES</marc:subfield><marc:subfield code="e">main entry</marc:subfield></marc:datafield><marc:datafield tag="852" ind1="4" ind2="1"><marc:subfield code="a">British Library</marc:subfield><marc:subfield code="b">HMNTS</marc:subfield><marc:subfield code="j">1607/6166.</marc:subfield></marc:datafield><marc:datafield tag="886" ind1="2" ind2=" "><marc:subfield code="2">blmarc</marc:subfield><marc:subfield code="a">709</marc:subfield><marc:subfield code="b">00</marc:subfield><marc:subfield code="a">DELLOW</marc:subfield><marc:subfield code="h">Thomas</marc:subfield><marc:subfield code="p">1607/6166.</marc:subfield><marc:subfield code="x">0800560191</marc:subfield></marc:datafield><marc:datafield tag="886" ind1="2" ind2=" "><marc:subfield code="2">blmarc</marc:subfield><marc:subfield code="a">709</marc:subfield><marc:subfield code="b">00</marc:subfield><marc:subfield code="a">MAGNAY</marc:subfield><marc:subfield code="h">Charlotte</marc:subfield><marc:subfield code="p">1607/6166.</marc:subfield><marc:subfield code="x">2074520026</marc:subfield></marc:datafield></marc:record>