
<marc:record><marc:leader>00612 am a22001693  4500</marc:leader>
<marc:controlfield tag="001">000021845</marc:controlfield>
<marc:controlfield tag="003">Uk</marc:controlfield><marc:controlfield tag="005">20091125222200.0</marc:controlfield><marc:controlfield tag="008">870814|1825|||||||    ||    |||| |||||  </marc:controlfield><marc:datafield tag="040" ind1=" " ind2=" "><marc:subfield code="a">Uk</marc:subfield><marc:subfield code="c">Uk</marc:subfield></marc:datafield><marc:datafield tag="245" ind1="1" ind2="3"><marc:subfield code="a">An Advertisement for a runaway wife. Family fracas. [By William Smith, Stationer, of Edinburgh.]</marc:subfield></marc:datafield><marc:datafield tag="260" ind1=" " ind2=" "><marc:subfield code="a">pp. 8. Willie Smith: [Edinburgh, 1825?]</marc:subfield></marc:datafield><marc:datafield tag="300" ind1=" " ind2=" "><marc:subfield code="a">8º.</marc:subfield></marc:datafield><marc:datafield tag="700" ind1="1" ind2=" "><marc:subfield code="a">SMITH, William,</marc:subfield><marc:subfield code="c">Stationer, of Edinburgh.</marc:subfield></marc:datafield><marc:datafield tag="720" ind1=" " ind2=" "><marc:subfield code="a">ADVERTISEMENT</marc:subfield><marc:subfield code="e">main entry</marc:subfield></marc:datafield><marc:datafield tag="852" ind1="4" ind2="1"><marc:subfield code="a">British Library</marc:subfield><marc:subfield code="b">HMNTS</marc:subfield><marc:subfield code="j">840.m.33.(9.)</marc:subfield></marc:datafield><marc:datafield tag="886" ind1="2" ind2=" "><marc:subfield code="2">blmarc</marc:subfield><marc:subfield code="a">709</marc:subfield><marc:subfield code="b">00</marc:subfield><marc:subfield code="a">SMITH</marc:subfield><marc:subfield code="h">William</marc:subfield><marc:subfield code="f">Stationer, of Edinburgh</marc:subfield><marc:subfield code="p">840.m.33.(9.)</marc:subfield><marc:subfield code="x">3061830162</marc:subfield></marc:datafield></marc:record>