
<marc:record><marc:leader>00922 am a22002173  4500</marc:leader>
<marc:controlfield tag="001">000021848</marc:controlfield>
<marc:controlfield tag="003">Uk</marc:controlfield><marc:controlfield tag="005">20090211145341.0</marc:controlfield><marc:controlfield tag="008">870814s1807    enka          000 0 eng  </marc:controlfield><marc:datafield tag="040" ind1=" " ind2=" "><marc:subfield code="a">Uk</marc:subfield><marc:subfield code="c">Uk</marc:subfield></marc:datafield><marc:datafield tag="245" ind1="0" ind2="0"><marc:subfield code="a">Hieroglyphical advertisement ...</marc:subfield></marc:datafield><marc:datafield tag="260" ind1=" " ind2=" "><marc:subfield code="a">[London:</marc:subfield><marc:subfield code="b">J. Day,</marc:subfield><marc:subfield code="c">1807]</marc:subfield></marc:datafield><marc:datafield tag="300" ind1=" " ind2=" "><marc:subfield code="a">1 sheet ([1] p.):</marc:subfield><marc:subfield code="b">ill.;</marc:subfield><marc:subfield code="c">40 x 23 cm.</marc:subfield></marc:datafield><marc:datafield tag="500" ind1=" " ind2=" "><marc:subfield code="a">Item, written in hieroglyphs, advertising the publication, by J. Day, of accounts of the trials of Peter Pindar and Thomas Sheridan for adultery.</marc:subfield></marc:datafield><marc:datafield tag="600" ind1="1" ind2="0"><marc:subfield code="a">Sheridan, Thomas,</marc:subfield><marc:subfield code="d">1775-1817.</marc:subfield></marc:datafield><marc:datafield tag="600" ind1="1" ind2="0"><marc:subfield code="a">Pindar, Peter,</marc:subfield><marc:subfield code="d">1738-1819.</marc:subfield></marc:datafield><marc:datafield tag="650" ind1=" " ind2="0"><marc:subfield code="a">Trials (Adultery)</marc:subfield><marc:subfield code="z">Great Britain</marc:subfield></marc:datafield><marc:datafield tag="852" ind1="4" ind2="1"><marc:subfield code="a">British Library</marc:subfield><marc:subfield code="b">HMNTS</marc:subfield><marc:subfield code="j">1879.cc.6(1)</marc:subfield></marc:datafield><marc:datafield tag="852" ind1="4" ind2="1"><marc:subfield code="a">British Library</marc:subfield><marc:subfield code="b">HMNTS</marc:subfield><marc:subfield code="j">74/1881.d.8(60)</marc:subfield></marc:datafield><marc:datafield tag="886" ind1="2" ind2=" "><marc:subfield code="2">blmarc</marc:subfield><marc:subfield code="a">709</marc:subfield><marc:subfield code="b">00</marc:subfield><marc:subfield code="a">SHERIDAN</marc:subfield><marc:subfield code="h">Thomas</marc:subfield><marc:subfield code="f">Son of the Right Hon. Richard Brinsley Sheridan</marc:subfield><marc:subfield code="p">1879.cc.6.(1.)</marc:subfield><marc:subfield code="x">3010550219</marc:subfield></marc:datafield><marc:datafield tag="886" ind1="2" ind2=" "><marc:subfield code="2">blmarc</marc:subfield><marc:subfield code="a">709</marc:subfield><marc:subfield code="b">00</marc:subfield><marc:subfield code="a">WOLCOT</marc:subfield><marc:subfield code="h">John</marc:subfield><marc:subfield code="p">1879.cc.6.(1.)</marc:subfield><marc:subfield code="x">3542260053</marc:subfield></marc:datafield></marc:record>