
<marc:record><marc:leader>00922cam a22001693  4500</marc:leader>
<marc:controlfield tag="001">000021911</marc:controlfield>
<marc:controlfield tag="003">Uk</marc:controlfield><marc:controlfield tag="005">20120224170000.0</marc:controlfield><marc:controlfield tag="008">951114|1809|||||||    ||    |||| |||||  </marc:controlfield><marc:datafield tag="040" ind1=" " ind2=" "><marc:subfield code="a">Uk</marc:subfield><marc:subfield code="c">Uk</marc:subfield></marc:datafield><marc:datafield tag="245" ind1="1" ind2="0"><marc:subfield code="a">[Advice to a Son. Or, Directions for your better conduct through the various and most important encounters of this life ... The fourth edition, much enlarged by the author. [By Francis Osborne.]]</marc:subfield></marc:datafield><marc:datafield tag="250" ind1=" " ind2=" "><marc:subfield code="a">[Another edition.]</marc:subfield></marc:datafield><marc:datafield tag="260" ind1=" " ind2=" "><marc:subfield code="c">1809.</marc:subfield></marc:datafield><marc:datafield tag="580" ind1=" " ind2=" "><marc:subfield code="a">In: Harleian Miscellany. The Harleian Miscellany, etc. vol. 3. 1808, etc. 4º.</marc:subfield></marc:datafield><marc:datafield tag="720" ind1=" " ind2=" "><marc:subfield code="a">ADVICE</marc:subfield><marc:subfield code="e">main entry</marc:subfield></marc:datafield><marc:datafield tag="787" ind1="0" ind2=" "><marc:subfield code="t">Advice to a Son. Or, Directions for your better conduct through the various and most important encounters of this life ... The fourth edition, much enlarged by the author. [By Francis Osborne.]</marc:subfield><marc:subfield code="d">pp. 188. Printed by H. Hall for Thomas Robinson: Oxford, 1656. 12º.</marc:subfield><marc:subfield code="w">(Uk)MP1.0000024439</marc:subfield></marc:datafield><marc:datafield tag="852" ind1="4" ind2="1"><marc:subfield code="a">British Library</marc:subfield><marc:subfield code="b">HMNTS</marc:subfield><marc:subfield code="j">RB.31.b.1.(3.)</marc:subfield></marc:datafield></marc:record>