
<marc:record><marc:leader>01069cam a22001933  4500</marc:leader>
<marc:controlfield tag="001">000021927</marc:controlfield>
<marc:controlfield tag="003">Uk</marc:controlfield><marc:controlfield tag="005">20130521172300.0</marc:controlfield><marc:controlfield tag="008">870814|1820||||enk    ||    |||| |||||  </marc:controlfield><marc:datafield tag="040" ind1=" " ind2=" "><marc:subfield code="a">Uk</marc:subfield><marc:subfield code="c">Uk</marc:subfield></marc:datafield><marc:datafield tag="245" ind1="1" ind2="0"><marc:subfield code="a">[Advice to an Only Child ... containing the summ and substance of experimental and practical divinity. Written by an eminent ... divine, etc. [Preceded by an “Epistle to the Reader,” signed: O. H., i.e. Oliver Heywood.]]</marc:subfield></marc:datafield><marc:datafield tag="250" ind1=" " ind2=" "><marc:subfield code="a">A new edition.</marc:subfield></marc:datafield><marc:datafield tag="260" ind1=" " ind2=" "><marc:subfield code="a">London :</marc:subfield><marc:subfield code="b">J. Nisbet,</marc:subfield><marc:subfield code="c">1820.</marc:subfield></marc:datafield><marc:datafield tag="300" ind1=" " ind2=" "><marc:subfield code="a">xii, 118 p. ;</marc:subfield><marc:subfield code="c">12º.</marc:subfield></marc:datafield><marc:datafield tag="700" ind1="1" ind2=" "><marc:subfield code="a">HEYWOOD, Oliver.</marc:subfield></marc:datafield><marc:datafield tag="720" ind1=" " ind2=" "><marc:subfield code="a">ADVICE</marc:subfield><marc:subfield code="e">main entry</marc:subfield></marc:datafield><marc:datafield tag="787" ind1="0" ind2=" "><marc:subfield code="t">Advice to an Only Child ... containing the summ and substance of experimental and practical divinity. Written by an eminent ... divine, etc. [Preceded by an “Epistle to the Reader,” signed: O. H., i.e. Oliver Heywood.]</marc:subfield><marc:subfield code="d">pp. 173. For Tho. Parkhurst: London, 1693. 12º.</marc:subfield><marc:subfield code="w">(Uk)MP1.0000024448</marc:subfield></marc:datafield><marc:datafield tag="852" ind1="4" ind2="1"><marc:subfield code="a">British Library</marc:subfield><marc:subfield code="b">HMNTS</marc:subfield><marc:subfield code="j">4409.e.3.</marc:subfield></marc:datafield><marc:datafield tag="886" ind1="2" ind2=" "><marc:subfield code="2">blmarc</marc:subfield><marc:subfield code="a">709</marc:subfield><marc:subfield code="b">00</marc:subfield><marc:subfield code="a">HEYWOOD</marc:subfield><marc:subfield code="h">Oliver</marc:subfield><marc:subfield code="p">4401.aaa.44.</marc:subfield><marc:subfield code="x">147310016X</marc:subfield><marc:subfield code="p">4409.e.3.</marc:subfield><marc:subfield code="x">147310016X</marc:subfield><marc:subfield code="p">852.c.16.</marc:subfield><marc:subfield code="x">147310016X</marc:subfield></marc:datafield></marc:record>