
<marc:record><marc:leader>00548cam a22001693  4500</marc:leader>
<marc:controlfield tag="001">000021943</marc:controlfield>
<marc:controlfield tag="003">Uk</marc:controlfield><marc:controlfield tag="005">20121231202200.0</marc:controlfield><marc:controlfield tag="008">870814|1802|||||||    ||    |||| |||||  </marc:controlfield><marc:datafield tag="040" ind1=" " ind2=" "><marc:subfield code="a">Uk</marc:subfield><marc:subfield code="c">Uk</marc:subfield></marc:datafield><marc:datafield tag="245" ind1="1" ind2="0"><marc:subfield code="a">Advice to prisoners committed for trial. By J. H.</marc:subfield></marc:datafield><marc:datafield tag="260" ind1=" " ind2=" "><marc:subfield code="a">Lancaster :</marc:subfield><marc:subfield code="b">printed &amp; sold by J. Jackson ;</marc:subfield><marc:subfield code="a">London :</marc:subfield><marc:subfield code="b">sold also by Lackington, Allen &amp; Co.,</marc:subfield><marc:subfield code="c">1802.</marc:subfield></marc:datafield><marc:datafield tag="300" ind1=" " ind2=" "><marc:subfield code="a">14 p. ;</marc:subfield><marc:subfield code="c">8º.</marc:subfield></marc:datafield><marc:datafield tag="700" ind1="0" ind2=" "><marc:subfield code="a">J. H.</marc:subfield></marc:datafield><marc:datafield tag="720" ind1=" " ind2=" "><marc:subfield code="a">ADVICE</marc:subfield><marc:subfield code="e">main entry</marc:subfield></marc:datafield><marc:datafield tag="852" ind1="4" ind2="1"><marc:subfield code="a">British Library</marc:subfield><marc:subfield code="b">HMNTS</marc:subfield><marc:subfield code="j">1560/37.</marc:subfield></marc:datafield><marc:datafield tag="886" ind1="2" ind2=" "><marc:subfield code="2">blmarc</marc:subfield><marc:subfield code="a">709</marc:subfield><marc:subfield code="b">00</marc:subfield><marc:subfield code="a">H.</marc:subfield><marc:subfield code="h">J.</marc:subfield><marc:subfield code="p">1560/37.</marc:subfield><marc:subfield code="x">1362170143</marc:subfield></marc:datafield></marc:record>