
<marc:record><marc:leader>01554cam a22001813  4500</marc:leader>
<marc:controlfield tag="001">000021979</marc:controlfield>
<marc:controlfield tag="003">Uk</marc:controlfield><marc:controlfield tag="005">20130710174500.0</marc:controlfield><marc:controlfield tag="008">870814|1824||||enk    ||    |||| |||||  </marc:controlfield><marc:datafield tag="040" ind1=" " ind2=" "><marc:subfield code="a">Uk</marc:subfield><marc:subfield code="c">Uk</marc:subfield></marc:datafield><marc:datafield tag="245" ind1="1" ind2="0"><marc:subfield code="a">Friendly Advice on the management and education of Children; addressed to parents of the middle and labouring classes of society. By the author of “Hints for the Improvement of Early Education” [i.e. Louisa Hoare] ... Second edition.</marc:subfield></marc:datafield><marc:datafield tag="260" ind1=" " ind2=" "><marc:subfield code="a">London :</marc:subfield><marc:subfield code="b">J. Hatchard &amp; Son :</marc:subfield><marc:subfield code="b">L. B. Seeley &amp; Son,</marc:subfield><marc:subfield code="c">1824.</marc:subfield></marc:datafield><marc:datafield tag="300" ind1=" " ind2=" "><marc:subfield code="a">103 p. ;</marc:subfield><marc:subfield code="c">12º.</marc:subfield></marc:datafield><marc:datafield tag="720" ind1=" " ind2=" "><marc:subfield code="a">ADVICE</marc:subfield><marc:subfield code="e">main entry</marc:subfield></marc:datafield><marc:datafield tag="775" ind1="0" ind2=" "><marc:subfield code="t">[Friendly Advice on the management and education of Children; addressed to parents of the middle and labouring classes of society. By the author of “Hints for the Improvement of Early Education” [i.e. Louisa Hoare] ... Second edition.]</marc:subfield><marc:subfield code="d">pp. 70. R.T.S.: London, [1830?] 12º.</marc:subfield><marc:subfield code="w">(Uk)MP1.0000024498.1</marc:subfield></marc:datafield><marc:datafield tag="775" ind1="0" ind2=" "><marc:subfield code="t">[Friendly Advice on the management and education of Children; addressed to parents of the middle and labouring classes of society. By the author of “Hints for the Improvement of Early Education” [i.e. Louisa Hoare] ... Second edition.]</marc:subfield><marc:subfield code="d">pp. 66. S.P.C.K.: London, 1832. 12º.</marc:subfield><marc:subfield code="w">(Uk)MP1.0000024498.2</marc:subfield></marc:datafield><marc:datafield tag="775" ind1="0" ind2=" "><marc:subfield code="t">[Friendly Advice on the management and education of Children; addressed to parents of the middle and labouring classes of society. By the author of “Hints for the Improvement of Early Education” [i.e. Louisa Hoare] ... Second edition.]</marc:subfield><marc:subfield code="d">pp. 66. London, 1835. 8º.</marc:subfield><marc:subfield code="w">(Uk)MP1.0000024498.3</marc:subfield></marc:datafield><marc:datafield tag="852" ind1="4" ind2="1"><marc:subfield code="a">British Library</marc:subfield><marc:subfield code="b">HMNTS</marc:subfield><marc:subfield code="j">1030.b.20.</marc:subfield></marc:datafield></marc:record>