
<marc:record><marc:leader>01046cam a22001813  4500</marc:leader>
<marc:controlfield tag="001">000021982</marc:controlfield>
<marc:controlfield tag="003">Uk</marc:controlfield><marc:controlfield tag="005">20110311165900.0</marc:controlfield><marc:controlfield tag="008">870814|1835|||||||    ||    |||| |||||  </marc:controlfield><marc:datafield tag="040" ind1=" " ind2=" "><marc:subfield code="a">Uk</marc:subfield><marc:subfield code="c">Uk</marc:subfield></marc:datafield><marc:datafield tag="245" ind1="1" ind2="0"><marc:subfield code="a">[Friendly Advice on the management and education of Children; addressed to parents of the middle and labouring classes of society. By the author of “Hints for the Improvement of Early Education” [i.e. Louisa Hoare] ... Second edition.]</marc:subfield></marc:datafield><marc:datafield tag="250" ind1=" " ind2=" "><marc:subfield code="a">New edition.</marc:subfield></marc:datafield><marc:datafield tag="260" ind1=" " ind2=" "><marc:subfield code="a">London,</marc:subfield><marc:subfield code="c">1835.</marc:subfield></marc:datafield><marc:datafield tag="300" ind1=" " ind2=" "><marc:subfield code="a">66 p. ;</marc:subfield><marc:subfield code="c">8º.</marc:subfield></marc:datafield><marc:datafield tag="490" ind1="0" ind2=" "><marc:subfield code="a">[Religious Tracts, circulated by the Society for Promoting Christian Knowledge. vol. 9.]</marc:subfield></marc:datafield><marc:datafield tag="720" ind1=" " ind2=" "><marc:subfield code="a">ADVICE</marc:subfield><marc:subfield code="e">main entry</marc:subfield></marc:datafield><marc:datafield tag="787" ind1="0" ind2=" "><marc:subfield code="t">Friendly Advice on the management and education of Children; addressed to parents of the middle and labouring classes of society. By the author of “Hints for the Improvement of Early Education” [i.e. Louisa Hoare] ... Second edition.</marc:subfield><marc:subfield code="d">pp. 103. J. Hatchard &amp; Son; L. B. Seeley &amp; Son: London, 1824. 12º.</marc:subfield><marc:subfield code="w">(Uk)MP1.0000024498</marc:subfield></marc:datafield><marc:datafield tag="852" ind1="4" ind2="1"><marc:subfield code="a">British Library</marc:subfield><marc:subfield code="b">HMNTS</marc:subfield><marc:subfield code="j">863.i.22</marc:subfield></marc:datafield></marc:record>