
<marc:record><marc:leader>00684 am a22001693  4500</marc:leader>
<marc:controlfield tag="001">000021990</marc:controlfield>
<marc:controlfield tag="003">Uk</marc:controlfield><marc:controlfield tag="005">20091125222200.0</marc:controlfield><marc:controlfield tag="008">950317|1850|||||||    ||    |||| |||||  </marc:controlfield><marc:datafield tag="040" ind1=" " ind2=" "><marc:subfield code="a">Uk</marc:subfield><marc:subfield code="c">Uk</marc:subfield></marc:datafield><marc:datafield tag="245" ind1="1" ind2="0"><marc:subfield code="a">[Good Advice to Bachelors and Maids in choosing husbands and wives. [A song.]]</marc:subfield></marc:datafield><marc:datafield tag="250" ind1=" " ind2=" "><marc:subfield code="a">[Another edition.]</marc:subfield></marc:datafield><marc:datafield tag="260" ind1=" " ind2=" "><marc:subfield code="a">J. Catnach :</marc:subfield><marc:subfield code="b">[London,</marc:subfield><marc:subfield code="c">1850?].</marc:subfield></marc:datafield><marc:datafield tag="300" ind1=" " ind2=" "><marc:subfield code="a">s. sh. ;</marc:subfield><marc:subfield code="c">4º.</marc:subfield></marc:datafield><marc:datafield tag="720" ind1=" " ind2=" "><marc:subfield code="a">ADVICE</marc:subfield><marc:subfield code="e">main entry</marc:subfield></marc:datafield><marc:datafield tag="787" ind1="0" ind2=" "><marc:subfield code="t">Good Advice to Bachelors and Maids in choosing husbands and wives. [A song.]</marc:subfield><marc:subfield code="d">[London: printed and sold by E. M. A. Hodges from Pitt's Toy and Marble Warehouse, 1848?] s. sh. 4º.</marc:subfield><marc:subfield code="w">(Uk)MP1.0000024504</marc:subfield></marc:datafield><marc:datafield tag="852" ind1="4" ind2="1"><marc:subfield code="a">British Library</marc:subfield><marc:subfield code="b">HMNTS</marc:subfield><marc:subfield code="j">HS.74/1251.(3.)</marc:subfield></marc:datafield></marc:record>