
<marc:record><marc:leader>01055cam a22001813  4500</marc:leader>
<marc:controlfield tag="001">000022004</marc:controlfield>
<marc:controlfield tag="003">Uk</marc:controlfield><marc:controlfield tag="005">20110311165900.0</marc:controlfield><marc:controlfield tag="008">870814|1801|||||||    ||    |||| |||||  </marc:controlfield><marc:datafield tag="040" ind1=" " ind2=" "><marc:subfield code="a">Uk</marc:subfield><marc:subfield code="c">Uk</marc:subfield></marc:datafield><marc:datafield tag="245" ind1="1" ind2="0"><marc:subfield code="a">[Pastoral Advice to Young Persons, in order to their being confirmed by the Bishop. By a minister of the Church of England [i.e. Josiah Woodward]. The ninth edition [of “Pastoral Advice to a Young Person in order to his being comfirmed by the Bishop”].]</marc:subfield></marc:datafield><marc:datafield tag="250" ind1=" " ind2=" "><marc:subfield code="a">Eighteenth edition.</marc:subfield></marc:datafield><marc:datafield tag="260" ind1=" " ind2=" "><marc:subfield code="a">London,</marc:subfield><marc:subfield code="c">1801.</marc:subfield></marc:datafield><marc:datafield tag="300" ind1=" " ind2=" "><marc:subfield code="a">48 p. ;</marc:subfield><marc:subfield code="c">8º.</marc:subfield></marc:datafield><marc:datafield tag="490" ind1="0" ind2=" "><marc:subfield code="a">[Religious Tracts dispersed by the Society for Promoting Christian Knowledge. vol. 8.]</marc:subfield></marc:datafield><marc:datafield tag="720" ind1=" " ind2=" "><marc:subfield code="a">ADVICE</marc:subfield><marc:subfield code="e">main entry</marc:subfield></marc:datafield><marc:datafield tag="787" ind1="0" ind2=" "><marc:subfield code="t">Pastoral Advice to Young Persons, in order to their being confirmed by the Bishop. By a minister of the Church of England [i.e. Josiah Woodward]. The ninth edition [of “Pastoral Advice to a Young Person in order to his being comfirmed by the Bishop”].</marc:subfield><marc:subfield code="d">pp. 48. B. Dod: London, 1759. 12º.</marc:subfield><marc:subfield code="w">(Uk)MP1.0000024515</marc:subfield></marc:datafield><marc:datafield tag="852" ind1="4" ind2="1"><marc:subfield code="a">British Library</marc:subfield><marc:subfield code="b">HMNTS</marc:subfield><marc:subfield code="j">863.l.8.</marc:subfield></marc:datafield></marc:record>