
<marc:record><marc:leader>00875cam a22001933  4500</marc:leader>
<marc:controlfield tag="001">000022073</marc:controlfield>
<marc:controlfield tag="003">Uk</marc:controlfield><marc:controlfield tag="005">20130420180100.0</marc:controlfield><marc:controlfield tag="008">870814|1880|||||||    ||     ||| |||||  </marc:controlfield><marc:datafield tag="040" ind1=" " ind2=" "><marc:subfield code="a">Uk</marc:subfield><marc:subfield code="c">Uk</marc:subfield></marc:datafield><marc:datafield tag="100" ind1="1" ind2=" "><marc:subfield code="a">Advielle, Victor.</marc:subfield></marc:datafield><marc:datafield tag="245" ind1="1" ind2="0"><marc:subfield code="a">La Question du divorce à propos d'un récent ouvrage de Mme Rattazzi [entitled: Un divorce, drame d'A. Ennès, traduit du portugais et adapté à la scène française].</marc:subfield></marc:datafield><marc:datafield tag="260" ind1=" " ind2=" "><marc:subfield code="a">Paris,</marc:subfield><marc:subfield code="c">1880.</marc:subfield></marc:datafield><marc:datafield tag="300" ind1=" " ind2=" "><marc:subfield code="a">13 p. ;</marc:subfield><marc:subfield code="c">8º.</marc:subfield></marc:datafield><marc:datafield tag="700" ind1="1" ind2=" "><marc:subfield code="a">ENES, António José.</marc:subfield></marc:datafield><marc:datafield tag="700" ind1="1" ind2=" "><marc:subfield code="a">SOLMS, Marie Studolmine Letizia de,</marc:subfield><marc:subfield code="c">afterwards RATTAZZI (Marie Studolmine Letizia)</marc:subfield></marc:datafield><marc:datafield tag="852" ind1="4" ind2="1"><marc:subfield code="a">British Library</marc:subfield><marc:subfield code="b">HMNTS</marc:subfield><marc:subfield code="j">5175.c.1.(3.)</marc:subfield></marc:datafield><marc:datafield tag="886" ind1="2" ind2=" "><marc:subfield code="2">blmarc</marc:subfield><marc:subfield code="a">709</marc:subfield><marc:subfield code="b">00</marc:subfield><marc:subfield code="a">ENES</marc:subfield><marc:subfield code="h">António José</marc:subfield><marc:subfield code="p">5175.c.1.(3.)</marc:subfield><marc:subfield code="x">0944310168</marc:subfield></marc:datafield><marc:datafield tag="886" ind1="2" ind2=" "><marc:subfield code="2">blmarc</marc:subfield><marc:subfield code="a">709</marc:subfield><marc:subfield code="b">00</marc:subfield><marc:subfield code="a">SOLMS</marc:subfield><marc:subfield code="h">Marie Studolmine Letizia de</marc:subfield><marc:subfield code="f">afterwards RATTAZZI (Marie Studolmine Letizia)</marc:subfield><marc:subfield code="p">5175.c.1.(3.)</marc:subfield><marc:subfield code="x">3072680159</marc:subfield></marc:datafield></marc:record>