
<marc:record><marc:leader>00776cam a22001813  4500</marc:leader>
<marc:controlfield tag="001">000022085</marc:controlfield>
<marc:controlfield tag="003">Uk</marc:controlfield><marc:controlfield tag="005">20120224170000.0</marc:controlfield><marc:controlfield tag="008">870814|1803|||||||    ||    |||| ||eng  </marc:controlfield><marc:datafield tag="040" ind1=" " ind2=" "><marc:subfield code="a">Uk</marc:subfield><marc:subfield code="c">Uk</marc:subfield></marc:datafield><marc:datafield tag="245" ind1="1" ind2="4"><marc:subfield code="a">The Advise. (The Adviser; or, the Moral and Literary Tribunal.) [By John Bristed, of the Inner Temple.]</marc:subfield></marc:datafield><marc:datafield tag="260" ind1=" " ind2=" "><marc:subfield code="a">London :</marc:subfield><marc:subfield code="b">James Wallis,</marc:subfield><marc:subfield code="c">1803.</marc:subfield></marc:datafield><marc:datafield tag="300" ind1=" " ind2=" "><marc:subfield code="a">4 vol. ;</marc:subfield><marc:subfield code="c">8º.</marc:subfield></marc:datafield><marc:datafield tag="700" ind1="1" ind2=" "><marc:subfield code="a">Bristed, John,</marc:subfield><marc:subfield code="d">1778-1855.</marc:subfield></marc:datafield><marc:datafield tag="720" ind1=" " ind2=" "><marc:subfield code="a">ADVISER</marc:subfield><marc:subfield code="e">main entry</marc:subfield></marc:datafield><marc:datafield tag="775" ind1="0" ind2=" "><marc:subfield code="t">[The Advise. (The Adviser; or, the Moral and Literary Tribunal.) [By John Bristed, of the Inner Temple.]]</marc:subfield><marc:subfield code="d">4 vol. James Wallis: London, 1803. 12º.</marc:subfield><marc:subfield code="w">(Uk)MP1.0000024594.1</marc:subfield></marc:datafield><marc:datafield tag="852" ind1="4" ind2="1"><marc:subfield code="a">British Library</marc:subfield><marc:subfield code="b">HMNTS</marc:subfield><marc:subfield code="j">12612.b.12.</marc:subfield></marc:datafield><marc:datafield tag="886" ind1="2" ind2=" "><marc:subfield code="2">blmarc</marc:subfield><marc:subfield code="a">709</marc:subfield><marc:subfield code="b">00</marc:subfield><marc:subfield code="a">BRISTED</marc:subfield><marc:subfield code="h">John</marc:subfield><marc:subfield code="f">of the Inner Temple</marc:subfield><marc:subfield code="p">12612.b.12.</marc:subfield><marc:subfield code="x">0430030282</marc:subfield></marc:datafield></marc:record>