
<marc:record><marc:leader>00697cam a22001693  4500</marc:leader>
<marc:controlfield tag="001">000022203</marc:controlfield>
<marc:controlfield tag="003">Uk</marc:controlfield><marc:controlfield tag="005">20130501182900.0</marc:controlfield><marc:controlfield tag="008">870814|1876||||enk    ||     ||| ||eng  </marc:controlfield><marc:datafield tag="040" ind1=" " ind2=" "><marc:subfield code="a">Uk</marc:subfield><marc:subfield code="c">Uk</marc:subfield></marc:datafield><marc:datafield tag="100" ind1="1" ind2=" "><marc:subfield code="a">ADYE, John Miller,</marc:subfield><marc:subfield code="c">Sir,</marc:subfield><marc:subfield code="c">G.C.B.</marc:subfield></marc:datafield><marc:datafield tag="245" ind1="1" ind2="4"><marc:subfield code="a">The British Army in 1875. A reply to Mr John Holms, M.P.</marc:subfield></marc:datafield><marc:datafield tag="260" ind1=" " ind2=" "><marc:subfield code="a">London :</marc:subfield><marc:subfield code="b">John Murray,</marc:subfield><marc:subfield code="c">1876.</marc:subfield></marc:datafield><marc:datafield tag="300" ind1=" " ind2=" "><marc:subfield code="a">53 p. ;</marc:subfield><marc:subfield code="c">8º.</marc:subfield></marc:datafield><marc:datafield tag="700" ind1="1" ind2=" "><marc:subfield code="a">HOLMS, John.</marc:subfield><marc:subfield code="t">The British Army in 1875. With suggestions on its administration and organization.</marc:subfield></marc:datafield><marc:datafield tag="852" ind1="4" ind2="1"><marc:subfield code="a">British Library</marc:subfield><marc:subfield code="b">HMNTS</marc:subfield><marc:subfield code="j">8829.bbb.45.(11.)</marc:subfield></marc:datafield><marc:datafield tag="886" ind1="2" ind2=" "><marc:subfield code="2">blmarc</marc:subfield><marc:subfield code="a">709</marc:subfield><marc:subfield code="b">00</marc:subfield><marc:subfield code="a">HOLMS</marc:subfield><marc:subfield code="h">John</marc:subfield><marc:subfield code="t">The British Army in 1875. With suggestions on its administration and organization.</marc:subfield><marc:subfield code="p">8829.bbb.45.(11.)</marc:subfield><marc:subfield code="x">1511750332</marc:subfield></marc:datafield></marc:record>