
<marc:record><marc:leader>00695cam a22001813  4500</marc:leader>
<marc:controlfield tag="001">000022204</marc:controlfield>
<marc:controlfield tag="003">Uk</marc:controlfield><marc:controlfield tag="005">20130708175200.0</marc:controlfield><marc:controlfield tag="008">970409|1858||||enk    ||     ||| ||eng  </marc:controlfield><marc:datafield tag="040" ind1=" " ind2=" "><marc:subfield code="a">Uk</marc:subfield><marc:subfield code="c">Uk</marc:subfield></marc:datafield><marc:datafield tag="100" ind1="1" ind2=" "><marc:subfield code="a">ADYE, John Miller,</marc:subfield><marc:subfield code="c">Sir,</marc:subfield><marc:subfield code="c">G.C.B.</marc:subfield></marc:datafield><marc:datafield tag="245" ind1="1" ind2="4"><marc:subfield code="a">The Defence of Cawnpore by the troops under the orders of Major General Charles A. Windham, C.B., in Nov. 1857. [With a map.]</marc:subfield></marc:datafield><marc:datafield tag="260" ind1=" " ind2=" "><marc:subfield code="a">London :</marc:subfield><marc:subfield code="b">Longman &amp; Co.,</marc:subfield><marc:subfield code="c">1858.</marc:subfield></marc:datafield><marc:datafield tag="300" ind1=" " ind2=" "><marc:subfield code="a">58 p. ;</marc:subfield><marc:subfield code="c">8º.</marc:subfield></marc:datafield><marc:datafield tag="651" ind1=" " ind2="0"><marc:subfield code="a">Kanpur (India)</marc:subfield><marc:subfield code="x">History</marc:subfield><marc:subfield code="y">Siege, 1857.</marc:subfield></marc:datafield><marc:datafield tag="852" ind1="4" ind2="1"><marc:subfield code="a">British Library</marc:subfield><marc:subfield code="b">HMNTS</marc:subfield><marc:subfield code="j">9056.e.8.</marc:subfield></marc:datafield><marc:datafield tag="852" ind1="4" ind2="1"><marc:subfield code="a">British Library</marc:subfield><marc:subfield code="b">OC</marc:subfield><marc:subfield code="j">T 36144</marc:subfield><marc:subfield code="3">[Another copy.]***Held in OIOC.</marc:subfield></marc:datafield><marc:datafield tag="852" ind1="4" ind2="1"><marc:subfield code="a">British Library</marc:subfield><marc:subfield code="b">OC</marc:subfield><marc:subfield code="j">RL 96</marc:subfield><marc:subfield code="3">[Another copy.]***Held in OIOC.</marc:subfield></marc:datafield></marc:record>