
<marc:record><marc:leader>00634cam a22001573  4500</marc:leader>
<marc:controlfield tag="001">000022214</marc:controlfield>
<marc:controlfield tag="003">Uk</marc:controlfield><marc:controlfield tag="005">20130219175500.0</marc:controlfield><marc:controlfield tag="008">031111s1804    enk    ||     000 ||eng  </marc:controlfield><marc:datafield tag="040" ind1=" " ind2=" "><marc:subfield code="a">Uk</marc:subfield><marc:subfield code="c">Uk</marc:subfield></marc:datafield><marc:datafield tag="100" ind1="1" ind2=" "><marc:subfield code="a">ADYE, Ralph Willett.</marc:subfield></marc:datafield><marc:datafield tag="245" ind1="1" ind2="4"><marc:subfield code="a">The Bombardier and Pocket Gunner ... fourth edition, corrected, and considerably improved.</marc:subfield></marc:datafield><marc:datafield tag="260" ind1=" " ind2=" "><marc:subfield code="a">London :</marc:subfield><marc:subfield code="b">T. Egerton,</marc:subfield><marc:subfield code="c">1804.</marc:subfield></marc:datafield><marc:datafield tag="300" ind1=" " ind2=" "><marc:subfield code="a">[16], 277, [1] p. ;</marc:subfield><marc:subfield code="c">12º.</marc:subfield></marc:datafield><marc:datafield tag="500" ind1=" " ind2=" "><marc:subfield code="a">Contains [10] pages of advertisements at end of text. - With the bookplate of the Hon. J. Ramsay and his MS. ownership inscription: Ja. Ramsay, Queens Royal Regt.</marc:subfield></marc:datafield><marc:datafield tag="852" ind1="4" ind2="1"><marc:subfield code="a">British Library</marc:subfield><marc:subfield code="b">HMNTS</marc:subfield><marc:subfield code="j">RB.23.a.22209.</marc:subfield></marc:datafield></marc:record>