
<marc:record><marc:leader>00981 am a22002173  4500</marc:leader>
<marc:controlfield tag="001">000022226</marc:controlfield>
<marc:controlfield tag="003">Uk</marc:controlfield><marc:controlfield tag="005">20091125222200.0</marc:controlfield><marc:controlfield tag="008">870814|1894|||||||    ||     ||| |||||  </marc:controlfield><marc:datafield tag="040" ind1=" " ind2=" "><marc:subfield code="a">Uk</marc:subfield><marc:subfield code="c">Uk</marc:subfield></marc:datafield><marc:datafield tag="100" ind1="1" ind2=" "><marc:subfield code="a">ADZHENOV, Ivan P.</marc:subfield></marc:datafield><marc:datafield tag="245" ind1="1" ind2="0"><marc:subfield code="a">Записки отъ живота на Г. Стойковъ Раковски. Нарѣдени отъ И. П. Адженовъ. Издава Н. Балкански. [Including numerous works by Rakovsky. With portrait of Rakovsky.] Ms. notes.</marc:subfield></marc:datafield><marc:datafield tag="260" ind1=" " ind2=" "><marc:subfield code="a">3 свит. Руссе, 1894-95.</marc:subfield></marc:datafield><marc:datafield tag="300" ind1=" " ind2=" "><marc:subfield code="a">8º.</marc:subfield></marc:datafield><marc:datafield tag="500" ind1=" " ind2=" "><marc:subfield code="a">Свит. 3 is in 2 parts.</marc:subfield></marc:datafield><marc:datafield tag="700" ind1="1" ind2=" "><marc:subfield code="a">BALKANSKI, Nikolai.</marc:subfield></marc:datafield><marc:datafield tag="700" ind1="1" ind2=" "><marc:subfield code="a">RAKOVSKI, Georgi Stoikov.</marc:subfield></marc:datafield><marc:datafield tag="852" ind1="4" ind2="1"><marc:subfield code="a">British Library</marc:subfield><marc:subfield code="b">HMNTS</marc:subfield><marc:subfield code="j">010790.ee.20.</marc:subfield></marc:datafield><marc:datafield tag="852" ind1="4" ind2="1"><marc:subfield code="a">British Library</marc:subfield><marc:subfield code="b">HMNTS</marc:subfield><marc:subfield code="j">010795.g.35.</marc:subfield><marc:subfield code="3">[Another copy of св. 1, 2.]</marc:subfield></marc:datafield><marc:datafield tag="886" ind1="2" ind2=" "><marc:subfield code="2">blmarc</marc:subfield><marc:subfield code="a">709</marc:subfield><marc:subfield code="b">00</marc:subfield><marc:subfield code="a">BALKANSKI</marc:subfield><marc:subfield code="h">Nikolai</marc:subfield><marc:subfield code="p">010790.ee.20.</marc:subfield><marc:subfield code="x">0172980038</marc:subfield></marc:datafield><marc:datafield tag="886" ind1="2" ind2=" "><marc:subfield code="2">blmarc</marc:subfield><marc:subfield code="a">709</marc:subfield><marc:subfield code="b">00</marc:subfield><marc:subfield code="a">RAKOVSKI</marc:subfield><marc:subfield code="h">Georgi Stoikov</marc:subfield><marc:subfield code="p">010790.ee.20.</marc:subfield><marc:subfield code="x">2694480004</marc:subfield><marc:subfield code="p">010795.g.35.</marc:subfield><marc:subfield code="x">2694480012</marc:subfield></marc:datafield></marc:record>