
<marc:record><marc:leader>00670cam a22001693  4500</marc:leader>
<marc:controlfield tag="001">000022254</marc:controlfield>
<marc:controlfield tag="003">Uk</marc:controlfield><marc:controlfield tag="005">20120224170000.0</marc:controlfield><marc:controlfield tag="008">870814|1877|||||||    ||     ||| |||||  </marc:controlfield><marc:datafield tag="040" ind1=" " ind2=" "><marc:subfield code="a">Uk</marc:subfield><marc:subfield code="c">Uk</marc:subfield></marc:datafield><marc:datafield tag="100" ind1="1" ind2=" "><marc:subfield code="a">AEBI, Josef Wilhelm Ludwig.</marc:subfield></marc:datafield><marc:datafield tag="245" ind1="1" ind2="0"><marc:subfield code="a">Heinrich der Truchsess von Diessenhofen, der Zeitbuchschreiber.</marc:subfield></marc:datafield><marc:datafield tag="260" ind1=" " ind2=" "><marc:subfield code="c">1877.</marc:subfield></marc:datafield><marc:datafield tag="580" ind1=" " ind2=" "><marc:subfield code="a">In : Einsiedeln.-Historischer Verein der fünf Orte Lucern, Uri, Schwyz, Unterwalden und Zug. Der Geschichtsfreund, etc. Bd. 32. 1843, etc. 8º.</marc:subfield></marc:datafield><marc:datafield tag="720" ind1=" " ind2=" "><marc:subfield code="a">HEINRICH, Truchsess von Diessenhofen</marc:subfield></marc:datafield><marc:datafield tag="852" ind1="4" ind2="1"><marc:subfield code="a">British Library</marc:subfield><marc:subfield code="b">HMNTS</marc:subfield><marc:subfield code="j">Ac.6940.</marc:subfield></marc:datafield><marc:datafield tag="886" ind1="2" ind2=" "><marc:subfield code="2">blmarc</marc:subfield><marc:subfield code="a">709</marc:subfield><marc:subfield code="b">00</marc:subfield><marc:subfield code="a">HEINRICH, Truchsess von Diessenhofen</marc:subfield><marc:subfield code="p">Ac.6940.</marc:subfield><marc:subfield code="x">1441310126</marc:subfield></marc:datafield></marc:record>