
<marc:record><marc:leader>00605 am a22001693  4500</marc:leader>
<marc:controlfield tag="001">000022276</marc:controlfield>
<marc:controlfield tag="003">Uk</marc:controlfield><marc:controlfield tag="005">20040818124431.0</marc:controlfield><marc:controlfield tag="008">870814s1871    |||    ||     ||| |||||  </marc:controlfield><marc:datafield tag="040" ind1=" " ind2=" "><marc:subfield code="a">Uk</marc:subfield><marc:subfield code="c">Uk</marc:subfield></marc:datafield><marc:datafield tag="100" ind1="1" ind2=" "><marc:subfield code="a">AEBY, Christoph.</marc:subfield></marc:datafield><marc:datafield tag="245" ind1="1" ind2="4"><marc:subfield code="a">[Der Bau des menschlichen Körpers ... Ein Lehrbuch der Anatomie für Ärzte, etc.]</marc:subfield></marc:datafield><marc:datafield tag="250" ind1=" " ind2=" "><marc:subfield code="a">[Another edition.]</marc:subfield></marc:datafield><marc:datafield tag="260" ind1=" " ind2=" "><marc:subfield code="a">Leipzig,</marc:subfield><marc:subfield code="c">1871.</marc:subfield></marc:datafield><marc:datafield tag="300" ind1=" " ind2=" "><marc:subfield code="a">pp. xxviii. 1003 ;</marc:subfield><marc:subfield code="c">8º.</marc:subfield></marc:datafield><marc:datafield tag="787" ind1="0" ind2=" "><marc:subfield code="t">Der Bau des menschlichen Körpers ... Ein Lehrbuch der Anatomie für Ärzte, etc.</marc:subfield><marc:subfield code="d">Leipzig, 1868. 8º.</marc:subfield><marc:subfield code="w">(Uk)MP1.0000024967</marc:subfield></marc:datafield><marc:datafield tag="852" ind1="4" ind2="1"><marc:subfield code="a">British Library</marc:subfield><marc:subfield code="b">HMNTS</marc:subfield><marc:subfield code="j">7420.ee.5.</marc:subfield></marc:datafield></marc:record>