
<marc:record><marc:leader>00876cam a22001693  4500</marc:leader>
<marc:controlfield tag="001">000022289</marc:controlfield>
<marc:controlfield tag="003">Uk</marc:controlfield><marc:controlfield tag="005">20110421155500.0</marc:controlfield><marc:controlfield tag="008">870814|1832|||||||    ||     ||| ||eng  </marc:controlfield><marc:datafield tag="040" ind1=" " ind2=" "><marc:subfield code="a">Uk</marc:subfield><marc:subfield code="c">Uk</marc:subfield></marc:datafield><marc:datafield tag="100" ind1="1" ind2=" "><marc:subfield code="a">AEDNR-NOS, Seer I'noh,</marc:subfield><marc:subfield code="c">pseud. [i.e. John Anderson.]</marc:subfield></marc:datafield><marc:datafield tag="245" ind1="1" ind2="4"><marc:subfield code="a">The Chronicles of Reform of the Children of the Isles, in the days of Arthur [i.e. Arthur Wellesley, Duke of Wellington], the chief ruler of the land and his colleagues. Translated from the Chaldaic manuscript, by the learned pundit Seer I'noh Aednr-Nos. [A political satire.]</marc:subfield></marc:datafield><marc:datafield tag="260" ind1=" " ind2=" "><marc:subfield code="a">Edinburgh :</marc:subfield><marc:subfield code="b">Thomas Peat,</marc:subfield><marc:subfield code="c">1832.</marc:subfield></marc:datafield><marc:datafield tag="300" ind1=" " ind2=" "><marc:subfield code="a">30 p. ;</marc:subfield><marc:subfield code="c">12º.</marc:subfield></marc:datafield><marc:datafield tag="700" ind1="1" ind2=" "><marc:subfield code="a">Wellington, Arthur Wellesley,</marc:subfield><marc:subfield code="c">Duke of,</marc:subfield><marc:subfield code="d">1769-1852</marc:subfield><marc:subfield code="t">Appendix. Miscellaneous.</marc:subfield></marc:datafield><marc:datafield tag="852" ind1="4" ind2="1"><marc:subfield code="a">British Library</marc:subfield><marc:subfield code="b">HMNTS</marc:subfield><marc:subfield code="j">8138.bb.61.</marc:subfield></marc:datafield><marc:datafield tag="886" ind1="2" ind2=" "><marc:subfield code="2">blmarc</marc:subfield><marc:subfield code="a">709</marc:subfield><marc:subfield code="b">00</marc:subfield><marc:subfield code="a">WELLESLEY</marc:subfield><marc:subfield code="h">Arthur</marc:subfield><marc:subfield code="f">Duke of Wellington</marc:subfield><marc:subfield code="t">Appendix</marc:subfield><marc:subfield code="t">Miscellaneous</marc:subfield><marc:subfield code="p">8138.bb.61.</marc:subfield><marc:subfield code="x">3474610074</marc:subfield></marc:datafield></marc:record>