
<marc:record><marc:leader>00676 am a22001693  4500</marc:leader>
<marc:controlfield tag="001">000022295</marc:controlfield>
<marc:controlfield tag="003">Uk</marc:controlfield><marc:controlfield tag="005">20091125222200.0</marc:controlfield><marc:controlfield tag="008">870814|1884|||||||    ||     ||| |||||  </marc:controlfield><marc:datafield tag="040" ind1=" " ind2=" "><marc:subfield code="a">Uk</marc:subfield><marc:subfield code="c">Uk</marc:subfield></marc:datafield><marc:datafield tag="100" ind1="1" ind2=" "><marc:subfield code="a">AEDO Y GALLART, Diego de.</marc:subfield></marc:datafield><marc:datafield tag="245" ind1="1" ind2="0"><marc:subfield code="a">Des Don D. de Aedo y Gallart Schilderung der Schlacht von Nördlingen (i. J. 1634). Aus dessen Viaje del Infante Cardenal Don Fernando de Austria übersetzt ... von Dr Franz Weinitz. Mit einem Anhang und einer Karte.</marc:subfield></marc:datafield><marc:datafield tag="260" ind1=" " ind2=" "><marc:subfield code="a">Strassburg,</marc:subfield><marc:subfield code="c">1884.</marc:subfield></marc:datafield><marc:datafield tag="300" ind1=" " ind2=" "><marc:subfield code="a">iv, 105 p. ;</marc:subfield><marc:subfield code="c">8º.</marc:subfield></marc:datafield><marc:datafield tag="700" ind1="1" ind2=" "><marc:subfield code="a">WEINITZ, Franz.</marc:subfield></marc:datafield><marc:datafield tag="852" ind1="4" ind2="1"><marc:subfield code="a">British Library</marc:subfield><marc:subfield code="b">HMNTS</marc:subfield><marc:subfield code="j">9073.f.7.(3.)</marc:subfield></marc:datafield><marc:datafield tag="886" ind1="2" ind2=" "><marc:subfield code="2">blmarc</marc:subfield><marc:subfield code="a">709</marc:subfield><marc:subfield code="b">00</marc:subfield><marc:subfield code="a">WEINITZ</marc:subfield><marc:subfield code="h">Franz</marc:subfield><marc:subfield code="p">9073.f.7.(3.)</marc:subfield><marc:subfield code="x">347261000X</marc:subfield></marc:datafield></marc:record>