
<marc:record><marc:leader>00583cam a22001573  4500</marc:leader>
<marc:controlfield tag="001">000022315</marc:controlfield>
<marc:controlfield tag="003">Uk</marc:controlfield><marc:controlfield tag="005">20110224145500.0</marc:controlfield><marc:controlfield tag="008">870814|1869|||||||    ||     ||| |||||  </marc:controlfield><marc:datafield tag="040" ind1=" " ind2=" "><marc:subfield code="a">Uk</marc:subfield><marc:subfield code="c">Uk</marc:subfield></marc:datafield><marc:datafield tag="100" ind1="1" ind2=" "><marc:subfield code="a">AEGIDI, Ludwig Carl.</marc:subfield></marc:datafield><marc:datafield tag="245" ind1="1" ind2="0"><marc:subfield code="a">Die Mainlinie. Ein Beitrag zur Interpretation des Prager Friedens, etc.</marc:subfield></marc:datafield><marc:datafield tag="260" ind1=" " ind2=" "><marc:subfield code="a">Bonn,</marc:subfield><marc:subfield code="c">1869.</marc:subfield></marc:datafield><marc:datafield tag="300" ind1=" " ind2=" "><marc:subfield code="a">20 p. ;</marc:subfield><marc:subfield code="c">4º.</marc:subfield></marc:datafield><marc:datafield tag="787" ind1="0" ind2=" "><marc:subfield code="t">Die Mainlinie, etc.</marc:subfield><marc:subfield code="n">In: Bonn.-Rheinische Friedrich-Wilhelms-Universität. Ad audiendam orationem ... invitat L. K. Aegidi, etc. 1869. 4º.</marc:subfield><marc:subfield code="w">(Uk)MP1.0000025019.1</marc:subfield></marc:datafield><marc:datafield tag="852" ind1="4" ind2="1"><marc:subfield code="a">British Library</marc:subfield><marc:subfield code="b">HMNTS</marc:subfield><marc:subfield code="j">8073.h.(5.)</marc:subfield></marc:datafield></marc:record>