
<marc:record><marc:leader>00580 am a22001453  4500</marc:leader>
<marc:controlfield tag="001">000022316</marc:controlfield>
<marc:controlfield tag="003">Uk</marc:controlfield><marc:controlfield tag="005">20091125222200.0</marc:controlfield><marc:controlfield tag="008">870814|1869|||||||    ||     ||| |||||  </marc:controlfield><marc:datafield tag="040" ind1=" " ind2=" "><marc:subfield code="a">Uk</marc:subfield><marc:subfield code="c">Uk</marc:subfield></marc:datafield><marc:datafield tag="100" ind1="1" ind2=" "><marc:subfield code="a">AEGIDI, Ludwig Carl.</marc:subfield></marc:datafield><marc:datafield tag="245" ind1="1" ind2="0"><marc:subfield code="a">Die Mainlinie, etc.</marc:subfield></marc:datafield><marc:datafield tag="580" ind1=" " ind2=" "><marc:subfield code="a">In: Bonn.-Rheinische Friedrich-Wilhelms-Universität. Ad audiendam orationem ... invitat L. K. Aegidi, etc. 1869. 4º.</marc:subfield></marc:datafield><marc:datafield tag="787" ind1="0" ind2=" "><marc:subfield code="t">Die Mainlinie. Ein Beitrag zur Interpretation des Prager Friedens, etc.</marc:subfield><marc:subfield code="d">pp. 20. Bonn, 1869. 4º.</marc:subfield><marc:subfield code="w">(Uk)MP1.0000025019</marc:subfield></marc:datafield><marc:datafield tag="852" ind1="4" ind2="1"><marc:subfield code="a">British Library</marc:subfield><marc:subfield code="b">HMNTS</marc:subfield><marc:subfield code="j">9134.l.11.</marc:subfield><marc:subfield code="3">[Another issue.]</marc:subfield></marc:datafield></marc:record>