
<marc:record><marc:leader>01363cam a22001813  4500</marc:leader>
<marc:controlfield tag="001">000022379</marc:controlfield>
<marc:controlfield tag="003">Uk</marc:controlfield><marc:controlfield tag="005">20120830171500.0</marc:controlfield><marc:controlfield tag="008">870814|1833|||||||    ||     ||| |||||  </marc:controlfield><marc:datafield tag="040" ind1=" " ind2=" "><marc:subfield code="a">Uk</marc:subfield><marc:subfield code="c">Uk</marc:subfield></marc:datafield><marc:datafield tag="100" ind1="1" ind2=" "><marc:subfield code="a">AEHRENTHAL, Johann von,</marc:subfield><marc:subfield code="c">Baron.</marc:subfield></marc:datafield><marc:datafield tag="245" ind1="1" ind2="0"><marc:subfield code="a">Deutschlands Kernobstsorten dargestellt in Abbildungen nach der Natur mit erläuternden Auszügen aus Dr F. Andr. Diel's Versuch einer systematischen Beschreibung der in Deutschland vorhandenen Kernobstsorten. Von einem wirklichen Mitgliede der k.k. patriotisch-ökonomischen Gesellschaft und des pomologischen Vereins im Königreiche Böhmen [i.e. J. Freiherr von Aehrenthal].</marc:subfield></marc:datafield><marc:datafield tag="260" ind1=" " ind2=" "><marc:subfield code="a">Leitmeritz ;</marc:subfield><marc:subfield code="a">Prag,</marc:subfield><marc:subfield code="c">1833-42.</marc:subfield></marc:datafield><marc:datafield tag="300" ind1=" " ind2=" "><marc:subfield code="a">3 Bd. ;</marc:subfield><marc:subfield code="c">4º.</marc:subfield></marc:datafield><marc:datafield tag="500" ind1=" " ind2=" "><marc:subfield code="a">The author's name is subscribed to the preface to Bd. 3.</marc:subfield></marc:datafield><marc:datafield tag="700" ind1="1" ind2=" "><marc:subfield code="a">DIEL, August Friedrich Adrian.</marc:subfield><marc:subfield code="t">Systematisches Verzeichniss der vorzüglichsten in Deutschland vorhandenen Obstsorten, mit Bemerkungen über Auswahl, Güte und Reifzeit für Liebhaber bei Obstanpflanzungen. (Erste-Zweite Fortsetzung.)</marc:subfield></marc:datafield><marc:datafield tag="852" ind1="4" ind2="1"><marc:subfield code="a">British Library</marc:subfield><marc:subfield code="b">HMNTS</marc:subfield><marc:subfield code="j">1253.h.1.</marc:subfield></marc:datafield><marc:datafield tag="886" ind1="2" ind2=" "><marc:subfield code="2">blmarc</marc:subfield><marc:subfield code="a">709</marc:subfield><marc:subfield code="b">00</marc:subfield><marc:subfield code="a">DIEL</marc:subfield><marc:subfield code="h">August Friedrich Adrian</marc:subfield><marc:subfield code="t">Systematisches Verzeichniss der vorzüglichsten in Deutschland vorhandenen Obstsorten, mit Bemerkungen über Auswahl, Güte und Reifzeit für Liebhaber bei Obstanpflanzungen. (Erste-Zweite Fortsetzung.)</marc:subfield><marc:subfield code="p">1253.h.1.</marc:subfield><marc:subfield code="x">0830800174</marc:subfield></marc:datafield></marc:record>