
<marc:record><marc:leader>01569cam a22002173  4500</marc:leader>
<marc:controlfield tag="001">000022406</marc:controlfield>
<marc:controlfield tag="003">Uk</marc:controlfield><marc:controlfield tag="005">20110421155500.0</marc:controlfield><marc:controlfield tag="008">870814|1839|||||||    ||    |||| |||||  </marc:controlfield><marc:datafield tag="040" ind1=" " ind2=" "><marc:subfield code="a">Uk</marc:subfield><marc:subfield code="c">Uk</marc:subfield></marc:datafield><marc:datafield tag="245" ind1="1" ind2="4"><marc:subfield code="a">[An English-Saxon Homily on the Birthday of St. Gregory, anciently used in the English-Saxon church ... giving an account of the Conversion of the English from Paganism ... Translated into modern English, with notes, &amp;c. by Eliz. Elstob. (Homiliæ ... versio Latina [by William Elstob].-An appendix, containing several epistles of St. Gregory, and notes that illustrate the foregoing homily.)]</marc:subfield></marc:datafield><marc:datafield tag="250" ind1=" " ind2=" "><marc:subfield code="a">A new edition: with a preface [signed: J. S. C.] containing some account of Mrs. Elstob.</marc:subfield></marc:datafield><marc:datafield tag="260" ind1=" " ind2=" "><marc:subfield code="a">London :</marc:subfield><marc:subfield code="b">William Pickering,</marc:subfield><marc:subfield code="c">1839.</marc:subfield></marc:datafield><marc:datafield tag="300" ind1=" " ind2=" "><marc:subfield code="a">xxxvi, 75 p. ;</marc:subfield><marc:subfield code="c">8º.</marc:subfield></marc:datafield><marc:datafield tag="700" ind1="1" ind2=" "><marc:subfield code="a">C., J. S.</marc:subfield></marc:datafield><marc:datafield tag="700" ind1="1" ind2=" "><marc:subfield code="a">ELSTOB, Elizabeth.</marc:subfield></marc:datafield><marc:datafield tag="720" ind1=" " ind2=" "><marc:subfield code="a">Aelfric,</marc:subfield><marc:subfield code="c">Abbot of Eynsham</marc:subfield></marc:datafield><marc:datafield tag="787" ind1="0" ind2=" "><marc:subfield code="t">An English-Saxon Homily on the Birthday of St. Gregory, anciently used in the English-Saxon church ... giving an account of the Conversion of the English from Paganism ... Translated into modern English, with notes, &amp;c. by Eliz. Elstob. (Homiliæ ... versio Latina [by William Elstob].-An appendix, containing several epistles of St. Gregory, and notes that illustrate the foregoing homily.)</marc:subfield><marc:subfield code="d">pp. lx. 44. 11. 49. W. Bowyer: London, 1709. 8º.</marc:subfield><marc:subfield code="w">(Uk)MP1.0000025134</marc:subfield></marc:datafield><marc:datafield tag="852" ind1="4" ind2="1"><marc:subfield code="a">British Library</marc:subfield><marc:subfield code="b">HMNTS</marc:subfield><marc:subfield code="j">4452.f.2.</marc:subfield></marc:datafield><marc:datafield tag="886" ind1="2" ind2=" "><marc:subfield code="2">blmarc</marc:subfield><marc:subfield code="a">709</marc:subfield><marc:subfield code="b">00</marc:subfield><marc:subfield code="a">C.</marc:subfield><marc:subfield code="h">J. S.</marc:subfield><marc:subfield code="p">4452.f.2.</marc:subfield><marc:subfield code="x">0501010173</marc:subfield></marc:datafield><marc:datafield tag="886" ind1="2" ind2=" "><marc:subfield code="2">blmarc</marc:subfield><marc:subfield code="a">709</marc:subfield><marc:subfield code="b">00</marc:subfield><marc:subfield code="a">ELSTOB</marc:subfield><marc:subfield code="h">Elizabeth</marc:subfield><marc:subfield code="p">4452.f.2.</marc:subfield><marc:subfield code="x">0940900076</marc:subfield><marc:subfield code="p">4832.aa.5.</marc:subfield><marc:subfield code="x">0940900076</marc:subfield></marc:datafield></marc:record>