
<marc:record><marc:leader>00509 am a22001453  4500</marc:leader>
<marc:controlfield tag="001">000022408</marc:controlfield>
<marc:controlfield tag="003">Uk</marc:controlfield><marc:controlfield tag="005">20091125222300.0</marc:controlfield><marc:controlfield tag="008">870814|1889|||||||    ||    |||| |||||  </marc:controlfield><marc:datafield tag="040" ind1=" " ind2=" "><marc:subfield code="a">Uk</marc:subfield><marc:subfield code="c">Uk</marc:subfield></marc:datafield><marc:datafield tag="245" ind1="1" ind2="0"><marc:subfield code="a">Ælfric's Sendschreiben an Wulfzet zu Ylmandun. [With eight other metrical homilies, etc.] Anglo-Sax.</marc:subfield></marc:datafield><marc:datafield tag="260" ind1=" " ind2=" "><marc:subfield code="c">1889.</marc:subfield></marc:datafield><marc:datafield tag="580" ind1=" " ind2=" "><marc:subfield code="a">In : Grein (C. W. M.) Bibliothek der angelsächsischen Prosa, etc. Bd. 3. 1872, etc. 8º.</marc:subfield></marc:datafield><marc:datafield tag="720" ind1=" " ind2=" "><marc:subfield code="a">Aelfric,</marc:subfield><marc:subfield code="c">Abbot of Eynsham</marc:subfield></marc:datafield><marc:datafield tag="852" ind1="4" ind2="1"><marc:subfield code="a">British Library</marc:subfield><marc:subfield code="b">HMNTS</marc:subfield><marc:subfield code="j">12269.f2/3</marc:subfield></marc:datafield></marc:record>