
<marc:record><marc:leader>00719cam a22001693  4500</marc:leader>
<marc:controlfield tag="001">000022416</marc:controlfield>
<marc:controlfield tag="003">Uk</marc:controlfield><marc:controlfield tag="005">20130904075700.0</marc:controlfield><marc:controlfield tag="008">870814|1838||||enk    ||    |||| |||||  </marc:controlfield><marc:datafield tag="040" ind1=" " ind2=" "><marc:subfield code="a">Uk</marc:subfield><marc:subfield code="c">Uk</marc:subfield></marc:datafield><marc:datafield tag="245" ind1="1" ind2="0"><marc:subfield code="a">Fragment of Ælfric's Grammar, Ælfric's Glossary, and a poem on the soul and body in the orthography of the 12th century, discovered among the archives of Worcester Cathedral by Sir T. Phillipps. Edited by Sir T. Phillipps.</marc:subfield></marc:datafield><marc:datafield tag="260" ind1=" " ind2=" "><marc:subfield code="a">London :</marc:subfield><marc:subfield code="b">W. Clowes &amp; Sons,</marc:subfield><marc:subfield code="c">1838.</marc:subfield></marc:datafield><marc:datafield tag="300" ind1=" " ind2=" "><marc:subfield code="a">8 p. ;</marc:subfield><marc:subfield code="c">fol.</marc:subfield></marc:datafield><marc:datafield tag="700" ind1="1" ind2=" "><marc:subfield code="a">Phillipps, Thomas,</marc:subfield><marc:subfield code="c">Sir,</marc:subfield><marc:subfield code="d">1792-1872.</marc:subfield></marc:datafield><marc:datafield tag="720" ind1=" " ind2=" "><marc:subfield code="a">Aelfric,</marc:subfield><marc:subfield code="c">Abbot of Eynsham</marc:subfield></marc:datafield><marc:datafield tag="852" ind1="4" ind2="1"><marc:subfield code="a">British Library</marc:subfield><marc:subfield code="b">HMNTS</marc:subfield><marc:subfield code="j">628.m.3.</marc:subfield></marc:datafield><marc:datafield tag="886" ind1="2" ind2=" "><marc:subfield code="2">blmarc</marc:subfield><marc:subfield code="a">709</marc:subfield><marc:subfield code="b">00</marc:subfield><marc:subfield code="a">PHILLIPPS</marc:subfield><marc:subfield code="e">Sir</marc:subfield><marc:subfield code="h">Thomas</marc:subfield><marc:subfield code="f">Bart.</marc:subfield><marc:subfield code="p">628.m.3.</marc:subfield><marc:subfield code="x">2573720160</marc:subfield></marc:datafield></marc:record>