
<marc:record><marc:leader>02329cam a22002413  4500</marc:leader>
<marc:controlfield tag="001">000022431</marc:controlfield>
<marc:controlfield tag="003">Uk</marc:controlfield><marc:controlfield tag="005">20120203162600.0</marc:controlfield><marc:controlfield tag="008">971013|1877|||||||    ||    |||| |||||  </marc:controlfield><marc:datafield tag="040" ind1=" " ind2=" "><marc:subfield code="a">Uk</marc:subfield><marc:subfield code="c">Uk</marc:subfield></marc:datafield><marc:datafield tag="245" ind1="1" ind2="3"><marc:subfield code="a">[A Testimonie of Antiquitie, shewing the auncient fayth in the Church of England touching the sacrament of the body and bloude of the Lord here publikely preached, and also receaued in the Saxons tyme, aboue 600. yeares agoe. (A Sermon of the Paschall Lambe ... appoynted in the reigne of the Saxons to be spoken unto the people at Easter before they shoulde receaue the Communion.-The wordes of Elfrike ... out of his epistle written to Wulfsine byshop of Scryburne.-The Lordes prayer, the Creede and the X. Commaundements in the Saxon and Englishe touuge [sic].) [With a preface by John Josseline?] Anglo-Sax. &amp; Eng.]</marc:subfield></marc:datafield><marc:datafield tag="250" ind1=" " ind2=" "><marc:subfield code="a">[Another edition.] Being a reprint of the Homily of Elfric ... 995, with the subscription thereto of Archbishop Parker and fourteen other Bishops in 1567 ... Edited ... by W. A. Copinger, etc.</marc:subfield></marc:datafield><marc:datafield tag="260" ind1=" " ind2=" "><marc:subfield code="a">London :</marc:subfield><marc:subfield code="b">B. M. Pickering,</marc:subfield><marc:subfield code="c">1877.</marc:subfield></marc:datafield><marc:datafield tag="300" ind1=" " ind2=" "><marc:subfield code="a">viii, 76 p. ;</marc:subfield><marc:subfield code="c">8º.</marc:subfield></marc:datafield><marc:datafield tag="700" ind1="1" ind2=" "><marc:subfield code="a">COPINGER, Walter Arthur.</marc:subfield></marc:datafield><marc:datafield tag="700" ind1="1" ind2=" "><marc:subfield code="a">Parker, Matthew,</marc:subfield><marc:subfield code="d">1504-1575.</marc:subfield></marc:datafield><marc:datafield tag="720" ind1=" " ind2=" "><marc:subfield code="a">Aelfric,</marc:subfield><marc:subfield code="c">Abbot of Eynsham</marc:subfield></marc:datafield><marc:datafield tag="787" ind1="0" ind2=" "><marc:subfield code="t">A Testimonie of Antiquitie, shewing the auncient fayth in the Church of England touching the sacrament of the body and bloude of the Lord here publikely preached, and also receaued in the Saxons tyme, aboue 600. yeares agoe. (A Sermon of the Paschall Lambe ... appoynted in the reigne of the Saxons to be spoken unto the people at Easter before they shoulde receaue the Communion.-The wordes of Elfrike ... out of his epistle written to Wulfsine byshop of Scryburne.-The Lordes prayer, the Creede and the X. Commaundements in the Saxon and Englishe touuge [sic].) [With a preface by John Josseline?] Anglo-Sax. &amp; Eng.</marc:subfield><marc:subfield code="d">ff. 56. John Day: London, [1566?] 8º.</marc:subfield><marc:subfield code="w">(Uk)MP1.0000025154</marc:subfield></marc:datafield><marc:datafield tag="852" ind1="4" ind2="1"><marc:subfield code="a">British Library</marc:subfield><marc:subfield code="b">HMNTS</marc:subfield><marc:subfield code="j">4324.h.2.</marc:subfield></marc:datafield><marc:datafield tag="852" ind1="4" ind2="1"><marc:subfield code="a">British Library</marc:subfield><marc:subfield code="b">HMNTS</marc:subfield><marc:subfield code="j">764.k.2.(2.)</marc:subfield><marc:subfield code="3">[Another copy.]</marc:subfield></marc:datafield><marc:datafield tag="852" ind1="4" ind2="1"><marc:subfield code="a">British Library</marc:subfield><marc:subfield code="b">HMNTS</marc:subfield><marc:subfield code="j">4324.k.2.(16.)</marc:subfield><marc:subfield code="3">[Another copy.]</marc:subfield></marc:datafield><marc:datafield tag="886" ind1="2" ind2=" "><marc:subfield code="2">blmarc</marc:subfield><marc:subfield code="a">709</marc:subfield><marc:subfield code="b">00</marc:subfield><marc:subfield code="a">COPINGER</marc:subfield><marc:subfield code="h">Walter Arthur</marc:subfield><marc:subfield code="p">4324.h.2.</marc:subfield><marc:subfield code="x">069367024X</marc:subfield></marc:datafield><marc:datafield tag="886" ind1="2" ind2=" "><marc:subfield code="2">blmarc</marc:subfield><marc:subfield code="a">709</marc:subfield><marc:subfield code="b">00</marc:subfield><marc:subfield code="a">PARKER</marc:subfield><marc:subfield code="h">Matthew</marc:subfield><marc:subfield code="f">Archbishop of Canterbury</marc:subfield><marc:subfield code="p">C.53.h.34.</marc:subfield><marc:subfield code="x">2480160173</marc:subfield><marc:subfield code="p">4323.cc.16.</marc:subfield><marc:subfield code="p">4324.h.2.</marc:subfield><marc:subfield code="x">2480160181</marc:subfield></marc:datafield></marc:record>