
<marc:record><marc:leader>00951cam a22002053  4500</marc:leader>
<marc:controlfield tag="001">000022459</marc:controlfield>
<marc:controlfield tag="003">Uk</marc:controlfield><marc:controlfield tag="005">20130504005300.0</marc:controlfield><marc:controlfield tag="008">870814|1858|||||||    ||     ||| |||||  </marc:controlfield><marc:datafield tag="040" ind1=" " ind2=" "><marc:subfield code="a">Uk</marc:subfield><marc:subfield code="c">Uk</marc:subfield></marc:datafield><marc:datafield tag="100" ind1="0" ind2=" "><marc:subfield code="a">Aelian,</marc:subfield><marc:subfield code="d">active 3rd century.</marc:subfield></marc:datafield><marc:datafield tag="245" ind1="1" ind2="0"><marc:subfield code="a">Æliani de Natura animalium, Varia Historia, Epistolae, et Fragmenta. Porphyrii Philosophi de abstinentia, et de antro nympharum. Philonis Byzantii de septem orbis spectaculis. Recognovit adnotatione critica et indicibus instruxit R. Hercher. Gr. &amp; Lat.</marc:subfield></marc:datafield><marc:datafield tag="260" ind1=" " ind2=" "><marc:subfield code="a">pp. lxx. 541. 115. Parisiis, 1858.</marc:subfield></marc:datafield><marc:datafield tag="300" ind1=" " ind2=" "><marc:subfield code="a">8º.</marc:subfield></marc:datafield><marc:datafield tag="700" ind1="1" ind2=" "><marc:subfield code="a">GAIL, Jean Baptiste.</marc:subfield></marc:datafield><marc:datafield tag="700" ind1="1" ind2=" "><marc:subfield code="a">HERCHER, Rudolf.</marc:subfield></marc:datafield><marc:datafield tag="852" ind1="4" ind2="1"><marc:subfield code="a">British Library</marc:subfield><marc:subfield code="b">HMNTS</marc:subfield><marc:subfield code="j">1348.h.11.</marc:subfield></marc:datafield><marc:datafield tag="852" ind1="4" ind2="1"><marc:subfield code="a">British Library</marc:subfield><marc:subfield code="b">HMNTS</marc:subfield><marc:subfield code="j">011306.dd.1.</marc:subfield><marc:subfield code="3">[Another copy.] Æliani de natura animalium, etc. Parisiis, 1858. 8º.</marc:subfield></marc:datafield><marc:datafield tag="886" ind1="2" ind2=" "><marc:subfield code="2">blmarc</marc:subfield><marc:subfield code="a">709</marc:subfield><marc:subfield code="b">00</marc:subfield><marc:subfield code="a">GAIL</marc:subfield><marc:subfield code="h">Jean Baptiste</marc:subfield><marc:subfield code="p">1348.h.11.</marc:subfield><marc:subfield code="x">1183320337</marc:subfield></marc:datafield><marc:datafield tag="886" ind1="2" ind2=" "><marc:subfield code="2">blmarc</marc:subfield><marc:subfield code="a">709</marc:subfield><marc:subfield code="b">00</marc:subfield><marc:subfield code="a">HERCHER</marc:subfield><marc:subfield code="h">Rudolf</marc:subfield><marc:subfield code="p">1348.h.11.</marc:subfield><marc:subfield code="x">1460130367</marc:subfield></marc:datafield></marc:record>