
<marc:record><marc:leader>00703cam a22001693  4500</marc:leader>
<marc:controlfield tag="001">000022465</marc:controlfield>
<marc:controlfield tag="003">Uk</marc:controlfield><marc:controlfield tag="005">20130504005300.0</marc:controlfield><marc:controlfield tag="008">870814|1811|||||||    ||     ||| |||||  </marc:controlfield><marc:datafield tag="040" ind1=" " ind2=" "><marc:subfield code="a">Uk</marc:subfield><marc:subfield code="c">Uk</marc:subfield></marc:datafield><marc:datafield tag="100" ind1="0" ind2=" "><marc:subfield code="a">Aelian,</marc:subfield><marc:subfield code="d">active 3rd century.</marc:subfield></marc:datafield><marc:datafield tag="245" ind1="1" ind2="0"><marc:subfield code="a">Κλ. Αἰλιανου σοφιστου Ποικιλης Ἱστοριας βιβλια ιδʹ ... Ad optimarum editionum inprimis Gronovianae et Corayanae fidem edidit, indiceque Graeco-Germanico instruxit G. H. Lünemann.</marc:subfield></marc:datafield><marc:datafield tag="260" ind1=" " ind2=" "><marc:subfield code="a">Gottingae,</marc:subfield><marc:subfield code="c">1811.</marc:subfield></marc:datafield><marc:datafield tag="300" ind1=" " ind2=" "><marc:subfield code="a">viii, 342 p. ;</marc:subfield><marc:subfield code="c">8º.</marc:subfield></marc:datafield><marc:datafield tag="700" ind1="1" ind2=" "><marc:subfield code="a">LUENEMANN, Georg Heinrich.</marc:subfield></marc:datafield><marc:datafield tag="852" ind1="4" ind2="1"><marc:subfield code="a">British Library</marc:subfield><marc:subfield code="b">HMNTS</marc:subfield><marc:subfield code="j">9025.b.4.</marc:subfield></marc:datafield><marc:datafield tag="886" ind1="2" ind2=" "><marc:subfield code="2">blmarc</marc:subfield><marc:subfield code="a">709</marc:subfield><marc:subfield code="b">00</marc:subfield><marc:subfield code="a">LUENEMANN</marc:subfield><marc:subfield code="h">Georg Heinrich</marc:subfield><marc:subfield code="p">9025.b.4.</marc:subfield><marc:subfield code="x">2022620224</marc:subfield></marc:datafield></marc:record>