
<marc:record><marc:leader>00611cam a22001693  4500</marc:leader>
<marc:controlfield tag="001">000022489</marc:controlfield>
<marc:controlfield tag="003">Uk</marc:controlfield><marc:controlfield tag="005">20130615210800.0</marc:controlfield><marc:controlfield tag="008">870814|1828|||||||    ||     ||| |||||  </marc:controlfield><marc:datafield tag="040" ind1=" " ind2=" "><marc:subfield code="a">Uk</marc:subfield><marc:subfield code="c">Uk</marc:subfield></marc:datafield><marc:datafield tag="100" ind1="0" ind2=" "><marc:subfield code="a">Aelian,</marc:subfield><marc:subfield code="d">active 3rd century.</marc:subfield></marc:datafield><marc:datafield tag="245" ind1="1" ind2="0"><marc:subfield code="a">Della Varia Storia di Claudio Eliano. Traduzione di Spiridioni Blandi.</marc:subfield></marc:datafield><marc:datafield tag="260" ind1=" " ind2=" "><marc:subfield code="c">1828.</marc:subfield></marc:datafield><marc:datafield tag="580" ind1=" " ind2=" "><marc:subfield code="a">In : Greek Historians. Collana degli Antichi Storici Græci volgarizzati. Storici minori. tom. 2. 1819, etc. 8º.</marc:subfield></marc:datafield><marc:datafield tag="700" ind1="1" ind2=" "><marc:subfield code="a">BLANTES, Spuridon.</marc:subfield></marc:datafield><marc:datafield tag="852" ind1="4" ind2="1"><marc:subfield code="a">British Library</marc:subfield><marc:subfield code="b">HMNTS</marc:subfield><marc:subfield code="j">1305.h.9.</marc:subfield></marc:datafield><marc:datafield tag="886" ind1="2" ind2=" "><marc:subfield code="2">blmarc</marc:subfield><marc:subfield code="a">709</marc:subfield><marc:subfield code="b">00</marc:subfield><marc:subfield code="a">BLANTES</marc:subfield><marc:subfield code="h">Spuridon</marc:subfield><marc:subfield code="p">1305.h.9.</marc:subfield><marc:subfield code="x">0342200038</marc:subfield></marc:datafield></marc:record>