
<marc:record><marc:leader>01267cam a22001693  4500</marc:leader>
<marc:controlfield tag="001">000022496</marc:controlfield>
<marc:controlfield tag="003">Uk</marc:controlfield><marc:controlfield tag="005">20130611183900.0</marc:controlfield><marc:controlfield tag="008">971121|1832|||||||    ||     ||| |||||  </marc:controlfield><marc:datafield tag="040" ind1=" " ind2=" "><marc:subfield code="a">Uk</marc:subfield><marc:subfield code="c">Uk</marc:subfield></marc:datafield><marc:datafield tag="100" ind1="0" ind2=" "><marc:subfield code="a">Aelian,</marc:subfield><marc:subfield code="d">active 3rd century.</marc:subfield></marc:datafield><marc:datafield tag="245" ind1="1" ind2="0"><marc:subfield code="a">[Αἰλιανου περι ζωων ἰδιοτητος βιβλια ιζʹ. Aeliani de natura animalium libri XVII. Cum animadversionibus C. Gesneri, et D. W. Trilleri: curante A. Gronovio, qui et suas adnotationes adjecit. Gr. &amp; Lat.]</marc:subfield></marc:datafield><marc:datafield tag="250" ind1=" " ind2=" "><marc:subfield code="a">[Another edition.] Verba ad fidem librorum manuscriptorum constituit et annotationibus illustravit Fridericus Jacobs. Intextæ sunt curæ secundæ postumæ J. G. Schneideri. Adjecti indices et interpretatio Latina Gesneri a Gronovio emendata cum addendis et conjecturis ineditis J. J. Reiskii. Gr. &amp; Lat.</marc:subfield></marc:datafield><marc:datafield tag="260" ind1=" " ind2=" "><marc:subfield code="a">Jenæ,</marc:subfield><marc:subfield code="c">1832.</marc:subfield></marc:datafield><marc:datafield tag="300" ind1=" " ind2=" "><marc:subfield code="a">2 vol. ;</marc:subfield><marc:subfield code="c">8º.</marc:subfield></marc:datafield><marc:datafield tag="787" ind1="0" ind2=" "><marc:subfield code="t">Αἰλιανου περι ζωων ἰδιοτητος βιβλια ιζʹ. Aeliani de natura animalium libri XVII. Cum animadversionibus C. Gesneri, et D. W. Trilleri: curante A. Gronovio, qui et suas adnotationes adjecit. Gr. &amp; Lat.</marc:subfield><marc:subfield code="d">2 pt. Sumptibus Societatis ad Literas Promovendas Institutæ: Londini, 1744. 4º.</marc:subfield><marc:subfield code="w">(Uk)MP1.0000025208</marc:subfield></marc:datafield><marc:datafield tag="852" ind1="4" ind2="1"><marc:subfield code="a">British Library</marc:subfield><marc:subfield code="b">HMNTS</marc:subfield><marc:subfield code="j">444.d.5.; 444.d.6.</marc:subfield></marc:datafield></marc:record>