
<marc:record><marc:leader>00827cam a22001933  4500</marc:leader>
<marc:controlfield tag="001">000022551</marc:controlfield>
<marc:controlfield tag="003">Uk</marc:controlfield><marc:controlfield tag="005">20060116123746.0</marc:controlfield><marc:controlfield tag="008">980430|1845|||||||    ||    |||| |||||  </marc:controlfield><marc:datafield tag="040" ind1=" " ind2=" "><marc:subfield code="a">Uk</marc:subfield><marc:subfield code="c">Uk</marc:subfield></marc:datafield><marc:datafield tag="245" ind1="1" ind2="0"><marc:subfield code="a">Life of St. Aelred. [By J. D. Dalgairns.]</marc:subfield></marc:datafield><marc:datafield tag="260" ind1=" " ind2=" "><marc:subfield code="a">London :</marc:subfield><marc:subfield code="b">James Toovey,</marc:subfield><marc:subfield code="c">1845.</marc:subfield></marc:datafield><marc:datafield tag="300" ind1=" " ind2=" "><marc:subfield code="a">vi, 146 p. ;</marc:subfield><marc:subfield code="c">8º.</marc:subfield></marc:datafield><marc:datafield tag="490" ind1="0" ind2=" "><marc:subfield code="a">[Lives of the English Saints.]</marc:subfield></marc:datafield><marc:datafield tag="600" ind1="0" ind2=" "><marc:subfield code="a">Aelred,</marc:subfield><marc:subfield code="c">of Rievaulx, Saint,</marc:subfield><marc:subfield code="d">1110-1167.</marc:subfield></marc:datafield><marc:datafield tag="700" ind1="1" ind2=" "><marc:subfield code="a">DALGAIRNS, Bernard,</marc:subfield><marc:subfield code="c">name in religion of John Dobrée Dalgairns.</marc:subfield></marc:datafield><marc:datafield tag="775" ind1="0" ind2=" "><marc:subfield code="t">[Life of St. Aelred. [By J. D. Dalgairns.]]</marc:subfield><marc:subfield code="n">In: The Lives of the English Saints, etc. vol. 5. pp. 53-210. 1901. 8º.</marc:subfield><marc:subfield code="w">(Uk)MP1.0000025273.1</marc:subfield></marc:datafield><marc:datafield tag="852" ind1="4" ind2="1"><marc:subfield code="a">British Library</marc:subfield><marc:subfield code="b">HMNTS</marc:subfield><marc:subfield code="j">1370.b.1/4.(1.).</marc:subfield></marc:datafield><marc:datafield tag="886" ind1="2" ind2=" "><marc:subfield code="2">blmarc</marc:subfield><marc:subfield code="a">709</marc:subfield><marc:subfield code="b">00</marc:subfield><marc:subfield code="a">DALGAIRNS</marc:subfield><marc:subfield code="h">Bernard</marc:subfield><marc:subfield code="f">name in religion of John Dobrée Dalgairns</marc:subfield><marc:subfield code="p">1370.b.1.</marc:subfield><marc:subfield code="x">0754660044</marc:subfield></marc:datafield></marc:record>