
<marc:record><marc:leader>00804cam a22002053  4500</marc:leader>
<marc:controlfield tag="001">000022610</marc:controlfield>
<marc:controlfield tag="003">Uk</marc:controlfield><marc:controlfield tag="005">20110311165900.0</marc:controlfield><marc:controlfield tag="008">990930|1804|||||||    ||     ||| |||||  </marc:controlfield><marc:datafield tag="040" ind1=" " ind2=" "><marc:subfield code="a">Uk</marc:subfield><marc:subfield code="c">Uk</marc:subfield></marc:datafield><marc:datafield tag="100" ind1="1" ind2=" "><marc:subfield code="a">AENEAE, Henricus.</marc:subfield></marc:datafield><marc:datafield tag="240" ind1="1" ind2="0"><marc:subfield code="a">Reekenboek voor de Nederlandsche jeugd</marc:subfield></marc:datafield><marc:datafield tag="245" ind1="1" ind2="0"><marc:subfield code="a">Nieuwe andwoorden op de rekenkundige vraagen van H. Aeneae, etc. [By Cornelius Ecama.] L.P.</marc:subfield></marc:datafield><marc:datafield tag="260" ind1=" " ind2=" "><marc:subfield code="a">Leyden,</marc:subfield><marc:subfield code="c">1804.</marc:subfield></marc:datafield><marc:datafield tag="300" ind1=" " ind2=" "><marc:subfield code="a">105 p. ;</marc:subfield><marc:subfield code="c">8º.</marc:subfield></marc:datafield><marc:datafield tag="490" ind1="0" ind2=" "><marc:subfield code="a">[Stukken het schoolwezen betreffende, etc. bundel 6. no. 5.]</marc:subfield></marc:datafield><marc:datafield tag="700" ind1="1" ind2=" "><marc:subfield code="a">ECAMA, Cornelius.</marc:subfield></marc:datafield><marc:datafield tag="787" ind1="0" ind2=" "><marc:subfield code="t">Nieuwe andwoorden op de rekenkundige vraagen van H. Aeneae, etc. [By Cornelius Ecama.]</marc:subfield><marc:subfield code="d">Leyden, 1804. 8º.</marc:subfield><marc:subfield code="w">(Uk)MP1.0000025359.1</marc:subfield></marc:datafield><marc:datafield tag="852" ind1="4" ind2="1"><marc:subfield code="a">British Library</marc:subfield><marc:subfield code="b">HMNTS</marc:subfield><marc:subfield code="j">Ac.2243.</marc:subfield></marc:datafield><marc:datafield tag="886" ind1="2" ind2=" "><marc:subfield code="2">blmarc</marc:subfield><marc:subfield code="a">709</marc:subfield><marc:subfield code="b">00</marc:subfield><marc:subfield code="a">ECAMA</marc:subfield><marc:subfield code="h">Cornelius</marc:subfield><marc:subfield code="p">Ac.2243.</marc:subfield><marc:subfield code="x">0911980253</marc:subfield></marc:datafield></marc:record>