
<marc:record><marc:leader>01214 am a22001813  4500</marc:leader>
<marc:controlfield tag="001">000022619</marc:controlfield>
<marc:controlfield tag="003">Uk</marc:controlfield><marc:controlfield tag="005">20051111113241.0</marc:controlfield><marc:controlfield tag="008">990811|1860|||||||    ||    |||| |||||  </marc:controlfield><marc:datafield tag="040" ind1=" " ind2=" "><marc:subfield code="a">Uk</marc:subfield><marc:subfield code="c">Uk</marc:subfield></marc:datafield><marc:datafield tag="245" ind1="1" ind2="0"><marc:subfield code="a">[Αἰναιου Γαζαιου ... Θεοφραστος, ἠτοι περι ἀθανασιας ψυχων και ἀναστασεως σωματων, διαλογος. Aeneae Gazaei ... Theophrastus, siue de animarum immortalitate et corporum resurrectione dialogus ... Ioanne Vuolphio ... interprete. Gr. &amp; Lat.]</marc:subfield></marc:datafield><marc:datafield tag="250" ind1=" " ind2=" "><marc:subfield code="a">[Another edition.]</marc:subfield></marc:datafield><marc:datafield tag="260" ind1=" " ind2=" "><marc:subfield code="c">1860.</marc:subfield></marc:datafield><marc:datafield tag="580" ind1=" " ind2=" "><marc:subfield code="a">In: Migne (J. P.) Patrologiæ cursus completus, etc. Series Græca. tom. 85. 1857, etc. 4º.</marc:subfield></marc:datafield><marc:datafield tag="720" ind1=" " ind2=" "><marc:subfield code="a">AENEAS, Gazaeus</marc:subfield><marc:subfield code="e">main entry</marc:subfield></marc:datafield><marc:datafield tag="787" ind1="0" ind2=" "><marc:subfield code="t">Αἰναιου Γαζαιου ... Θεοφραστος, ἠτοι περι ἀθανασιας ψυχων και ἀναστασεως σωματων, διαλογος. Aeneae Gazaei ... Theophrastus, siue de animarum immortalitate et corporum resurrectione dialogus ... Ioanne Vuolphio ... interprete. Gr. &amp; Lat.</marc:subfield><marc:subfield code="d">pp. 49. 1560.</marc:subfield><marc:subfield code="w">(Uk)MP1.0000025363</marc:subfield></marc:datafield><marc:datafield tag="852" ind1="1" ind2="1"><marc:subfield code="a">British Library</marc:subfield><marc:subfield code="b">HMNTS</marc:subfield><marc:subfield code="c">SPHOA</marc:subfield><marc:subfield code="k">HLR</marc:subfield><marc:subfield code="h">270</marc:subfield></marc:datafield><marc:datafield tag="852" ind1="1" ind2="1"><marc:subfield code="a">British Library</marc:subfield><marc:subfield code="b">HMNTS</marc:subfield><marc:subfield code="c">SPHOA</marc:subfield><marc:subfield code="k">MSS</marc:subfield><marc:subfield code="h">270</marc:subfield><marc:subfield code="3">[Another copy.]</marc:subfield></marc:datafield></marc:record>