
<marc:record><marc:leader>00833cam a22001813  4500</marc:leader>
<marc:controlfield tag="001">000022631</marc:controlfield>
<marc:controlfield tag="003">Uk</marc:controlfield><marc:controlfield tag="005">20110224145500.0</marc:controlfield><marc:controlfield tag="008">980123|1870|||||||    ||    |||| |||||  </marc:controlfield><marc:datafield tag="040" ind1=" " ind2=" "><marc:subfield code="a">Uk</marc:subfield><marc:subfield code="c">Uk</marc:subfield></marc:datafield><marc:datafield tag="245" ind1="1" ind2="0"><marc:subfield code="a">Aeneae Commentarius Poliorceticus ex recensione R. Hercheri. Gr.</marc:subfield></marc:datafield><marc:datafield tag="260" ind1=" " ind2=" "><marc:subfield code="a">Berolini,</marc:subfield><marc:subfield code="c">1870.</marc:subfield></marc:datafield><marc:datafield tag="300" ind1=" " ind2=" "><marc:subfield code="a">71 p. ;</marc:subfield><marc:subfield code="c">8º.</marc:subfield></marc:datafield><marc:datafield tag="720" ind1=" " ind2=" "><marc:subfield code="a">AENEAS, Tacticus</marc:subfield><marc:subfield code="e">main entry</marc:subfield></marc:datafield><marc:datafield tag="775" ind1="0" ind2=" "><marc:subfield code="t">[Aeneae Commentarius Poliorceticus ex recensione R. Hercheri. Gr.]</marc:subfield><marc:subfield code="d">pp. vii. 156. Berolini, 1870. 8º.</marc:subfield><marc:subfield code="w">(Uk)MP1.0000025375.1</marc:subfield></marc:datafield><marc:datafield tag="775" ind1="0" ind2=" "><marc:subfield code="t">[Aeneae Commentarius Poliorceticus ex recensione R. Hercheri. Gr.]</marc:subfield><marc:subfield code="d">pp. xii. 88. Lipsiae, 1874. 8º.</marc:subfield><marc:subfield code="w">(Uk)MP1.0000025375.2</marc:subfield></marc:datafield><marc:datafield tag="775" ind1="0" ind2=" "><marc:subfield code="t">[Aeneae Commentarius Poliorceticus ex recensione R. Hercheri. Gr.]</marc:subfield><marc:subfield code="d">pp. xxiv. 205. Lipsiae, 1911. 8º.</marc:subfield><marc:subfield code="w">(Uk)MP1.0000025375.3</marc:subfield></marc:datafield><marc:datafield tag="852" ind1="4" ind2="1"><marc:subfield code="a">British Library</marc:subfield><marc:subfield code="b">HMNTS</marc:subfield><marc:subfield code="j">8829.b.47.(3.)</marc:subfield></marc:datafield></marc:record>