
<marc:record><marc:leader>00721cam a22001933  4500</marc:leader>
<marc:controlfield tag="001">000022632</marc:controlfield>
<marc:controlfield tag="003">Uk</marc:controlfield><marc:controlfield tag="005">20110421155500.0</marc:controlfield><marc:controlfield tag="008">980123|1870|||||||    ||    |||| |||||  </marc:controlfield><marc:datafield tag="040" ind1=" " ind2=" "><marc:subfield code="a">Uk</marc:subfield><marc:subfield code="c">Uk</marc:subfield></marc:datafield><marc:datafield tag="245" ind1="1" ind2="0"><marc:subfield code="a">[Aeneae Commentarius Poliorceticus ex recensione R. Hercheri. Gr.]</marc:subfield></marc:datafield><marc:datafield tag="250" ind1=" " ind2=" "><marc:subfield code="a">[Another edition.] R. Hercher recensuit et adnotavit.</marc:subfield></marc:datafield><marc:datafield tag="260" ind1=" " ind2=" "><marc:subfield code="a">Berolini,</marc:subfield><marc:subfield code="c">1870.</marc:subfield></marc:datafield><marc:datafield tag="300" ind1=" " ind2=" "><marc:subfield code="a">vii, 156 p. ;</marc:subfield><marc:subfield code="c">8º.</marc:subfield></marc:datafield><marc:datafield tag="700" ind1="1" ind2=" "><marc:subfield code="a">HERCHER, Rudolf.</marc:subfield></marc:datafield><marc:datafield tag="720" ind1=" " ind2=" "><marc:subfield code="a">AENEAS, Tacticus</marc:subfield><marc:subfield code="e">main entry</marc:subfield></marc:datafield><marc:datafield tag="787" ind1="0" ind2=" "><marc:subfield code="t">Aeneae Commentarius Poliorceticus ex recensione R. Hercheri. Gr.</marc:subfield><marc:subfield code="d">pp. 71. Berolini, 1870. 8º.</marc:subfield><marc:subfield code="w">(Uk)MP1.0000025375</marc:subfield></marc:datafield><marc:datafield tag="852" ind1="4" ind2="1"><marc:subfield code="a">British Library</marc:subfield><marc:subfield code="b">HMNTS</marc:subfield><marc:subfield code="j">8829.g.6.</marc:subfield></marc:datafield><marc:datafield tag="886" ind1="2" ind2=" "><marc:subfield code="2">blmarc</marc:subfield><marc:subfield code="a">709</marc:subfield><marc:subfield code="b">00</marc:subfield><marc:subfield code="a">HERCHER</marc:subfield><marc:subfield code="h">Rudolf</marc:subfield><marc:subfield code="p">8829.g.6.</marc:subfield><marc:subfield code="x">1460130375</marc:subfield></marc:datafield></marc:record>