
<marc:record><marc:leader>02246cam a22003133  4500</marc:leader>
<marc:controlfield tag="001">000022640</marc:controlfield>
<marc:controlfield tag="003">Uk</marc:controlfield><marc:controlfield tag="005">20110421155500.0</marc:controlfield><marc:controlfield tag="008">870814|1818|||||||    ||    |||| |||||  </marc:controlfield><marc:datafield tag="040" ind1=" " ind2=" "><marc:subfield code="a">Uk</marc:subfield><marc:subfield code="c">Uk</marc:subfield></marc:datafield><marc:datafield tag="245" ind1="1" ind2="0"><marc:subfield code="a">[Αἰνειου τακτικον τε και πολιορκητικον ὑπομνημα, περι του, πως χρη πολιορκουμενον ἀντεχειν ... I. Casaubonus ... Latinam interpretationem ... adiecit, etc.]</marc:subfield></marc:datafield><marc:datafield tag="250" ind1=" " ind2=" "><marc:subfield code="a">[Another edition.] Aeneae Tactici Commentarius de toleranda obsidione ... Recensuit, versionem Latinam, et commentarium integrum I. Casauboni, notas I. Gronovii, G. H. C. Koesii, C. Orellii aliorumque, et suas adjecit I. C. Orellius.</marc:subfield></marc:datafield><marc:datafield tag="260" ind1=" " ind2=" "><marc:subfield code="a">Lipsiae,</marc:subfield><marc:subfield code="c">1818.</marc:subfield></marc:datafield><marc:datafield tag="300" ind1=" " ind2=" "><marc:subfield code="a">xvi, 307 p. ;</marc:subfield><marc:subfield code="c">8º.</marc:subfield></marc:datafield><marc:datafield tag="500" ind1=" " ind2=" "><marc:subfield code="a">There is a second titlepage reading: “Supplementum editionis Polybii Schweigaeuseranae, continens Aeneae Tactici commentarium de toleranda obsidione,” etc.</marc:subfield></marc:datafield><marc:datafield tag="700" ind1="1" ind2=" "><marc:subfield code="a">CASAUBON, Isaac.</marc:subfield><marc:subfield code="t">Works edited, translated or with contributions by Casaubon.</marc:subfield></marc:datafield><marc:datafield tag="700" ind1="1" ind2=" "><marc:subfield code="a">Gronovius, Jacobus,</marc:subfield><marc:subfield code="d">1645-1716.</marc:subfield></marc:datafield><marc:datafield tag="700" ind1="1" ind2=" "><marc:subfield code="a">KOES, G. H. C.</marc:subfield></marc:datafield><marc:datafield tag="700" ind1="1" ind2=" "><marc:subfield code="a">ORELLI, Johann Caspar von.</marc:subfield></marc:datafield><marc:datafield tag="700" ind1="1" ind2=" "><marc:subfield code="a">ORELLI, Johann Conrad von.</marc:subfield></marc:datafield><marc:datafield tag="720" ind1=" " ind2=" "><marc:subfield code="a">AENEAS, Tacticus</marc:subfield><marc:subfield code="e">main entry</marc:subfield></marc:datafield><marc:datafield tag="787" ind1="0" ind2=" "><marc:subfield code="t">Αἰνειου τακτικον τε και πολιορκητικον ὑπομνημα, περι του, πως χρη πολιορκουμενον ἀντεχειν ... I. Casaubonus ... Latinam interpretationem ... adiecit, etc.</marc:subfield><marc:subfield code="n">In Polybius, the Historian. [Greek and Latin.] Πολυβιου ... ἱστοριων τα σωζομενα, etc. 1609. fol.</marc:subfield><marc:subfield code="w">(Uk)MP1.0000025377</marc:subfield></marc:datafield><marc:datafield tag="852" ind1="4" ind2="1"><marc:subfield code="a">British Library</marc:subfield><marc:subfield code="b">HMNTS</marc:subfield><marc:subfield code="j">293.g.14.</marc:subfield></marc:datafield><marc:datafield tag="852" ind1="4" ind2="1"><marc:subfield code="a">British Library</marc:subfield><marc:subfield code="b">HMNTS</marc:subfield><marc:subfield code="j">G.8065.</marc:subfield><marc:subfield code="3">[Another copy.]</marc:subfield></marc:datafield><marc:datafield tag="886" ind1="2" ind2=" "><marc:subfield code="2">blmarc</marc:subfield><marc:subfield code="a">709</marc:subfield><marc:subfield code="b">00</marc:subfield><marc:subfield code="a">CASAUBON</marc:subfield><marc:subfield code="h">Isaac</marc:subfield><marc:subfield code="t">Works edited, translated or with contributions by Casaubon</marc:subfield><marc:subfield code="p">196.a.11.</marc:subfield><marc:subfield code="x">0552600024</marc:subfield><marc:subfield code="p">199.g.5.</marc:subfield><marc:subfield code="x">0552600024</marc:subfield><marc:subfield code="p">293.g.14.</marc:subfield><marc:subfield code="x">0552600032</marc:subfield><marc:subfield code="p">583.l.18.</marc:subfield><marc:subfield code="x">0552600024</marc:subfield></marc:datafield><marc:datafield tag="886" ind1="2" ind2=" "><marc:subfield code="2">blmarc</marc:subfield><marc:subfield code="a">709</marc:subfield><marc:subfield code="b">00</marc:subfield><marc:subfield code="a">GRONOVIUS</marc:subfield><marc:subfield code="h">Jacobus</marc:subfield><marc:subfield code="p">293.g.14.</marc:subfield><marc:subfield code="x">1332920241</marc:subfield></marc:datafield><marc:datafield tag="886" ind1="2" ind2=" "><marc:subfield code="2">blmarc</marc:subfield><marc:subfield code="a">709</marc:subfield><marc:subfield code="b">00</marc:subfield><marc:subfield code="a">KOES</marc:subfield><marc:subfield code="h">G. H. C.</marc:subfield><marc:subfield code="p">293.g.14.</marc:subfield><marc:subfield code="x">1771650036</marc:subfield></marc:datafield><marc:datafield tag="886" ind1="2" ind2=" "><marc:subfield code="2">blmarc</marc:subfield><marc:subfield code="a">709</marc:subfield><marc:subfield code="b">00</marc:subfield><marc:subfield code="a">ORELLI</marc:subfield><marc:subfield code="h">Johann Caspar von</marc:subfield><marc:subfield code="p">293.g.14.</marc:subfield><marc:subfield code="x">2422930212</marc:subfield></marc:datafield><marc:datafield tag="886" ind1="2" ind2=" "><marc:subfield code="2">blmarc</marc:subfield><marc:subfield code="a">709</marc:subfield><marc:subfield code="b">00</marc:subfield><marc:subfield code="a">ORELLI</marc:subfield><marc:subfield code="h">Johann Conrad von</marc:subfield><marc:subfield code="p">293.g.14.</marc:subfield><marc:subfield code="x">242295006X</marc:subfield></marc:datafield></marc:record>