
<marc:record><marc:leader>00564cam a22001573  4500</marc:leader>
<marc:controlfield tag="001">000022782</marc:controlfield>
<marc:controlfield tag="003">Uk</marc:controlfield><marc:controlfield tag="005">20060807091502.0</marc:controlfield><marc:controlfield tag="008">870814|1816|||||||    ||    |||| ||eng  </marc:controlfield><marc:datafield tag="040" ind1=" " ind2=" "><marc:subfield code="a">Uk</marc:subfield><marc:subfield code="c">Uk</marc:subfield></marc:datafield><marc:datafield tag="245" ind1="0" ind2="4"><marc:subfield code="a">The Aeronaut, a poem; founded almost entirely, upon a statement, printed in the newspapers, of a voyage from Dublin, in October, 1812.</marc:subfield></marc:datafield><marc:datafield tag="260" ind1=" " ind2=" "><marc:subfield code="a">Dublin :</marc:subfield><marc:subfield code="b">Richard Milliken,</marc:subfield><marc:subfield code="c">1816.</marc:subfield></marc:datafield><marc:datafield tag="300" ind1=" " ind2=" "><marc:subfield code="a">17 p. ;</marc:subfield><marc:subfield code="c">8º.</marc:subfield></marc:datafield><marc:datafield tag="651" ind1=" " ind2="4"><marc:subfield code="a">Dublin (Ireland)</marc:subfield></marc:datafield><marc:datafield tag="852" ind1="4" ind2="1"><marc:subfield code="a">British Library</marc:subfield><marc:subfield code="b">HMNTS</marc:subfield><marc:subfield code="j">992.i.12.(3.)</marc:subfield></marc:datafield><marc:datafield tag="886" ind1="2" ind2=" "><marc:subfield code="2">blmarc</marc:subfield><marc:subfield code="a">709</marc:subfield><marc:subfield code="b">00</marc:subfield><marc:subfield code="a">DUBLIN</marc:subfield><marc:subfield code="t">Appendix</marc:subfield><marc:subfield code="p">992.i.12.(3.)</marc:subfield><marc:subfield code="x">0874910188</marc:subfield></marc:datafield></marc:record>