
<marc:record><marc:leader>01675cam a22001933  4500</marc:leader>
<marc:controlfield tag="001">000022818</marc:controlfield>
<marc:controlfield tag="003">Uk</marc:controlfield><marc:controlfield tag="005">20120420175300.0</marc:controlfield><marc:controlfield tag="008">870814|1886|||||||    ||     ||| |||||  </marc:controlfield><marc:datafield tag="040" ind1=" " ind2=" "><marc:subfield code="a">Uk</marc:subfield><marc:subfield code="c">Uk</marc:subfield></marc:datafield><marc:datafield tag="100" ind1="1" ind2=" "><marc:subfield code="a">AERTNYS, Jos.</marc:subfield></marc:datafield><marc:datafield tag="245" ind1="1" ind2="0"><marc:subfield code="a">Theologia moralis juxta doctrinam S. Alphonsi Mariæ de Ligorio, etc. (Supplementum.).</marc:subfield></marc:datafield><marc:datafield tag="260" ind1=" " ind2=" "><marc:subfield code="a">Tornaci,</marc:subfield><marc:subfield code="c">1886, 87.</marc:subfield></marc:datafield><marc:datafield tag="300" ind1=" " ind2=" "><marc:subfield code="a">3 pt. ;</marc:subfield><marc:subfield code="c">8º.</marc:subfield></marc:datafield><marc:datafield tag="720" ind1=" " ind2=" "><marc:subfield code="a">ALPHONSO MARIA [de' Liguori], Saint, Bishop of Sant' Agata dei Goti. Single Works. Grundzüge aus der von den Päpsten Pius IX. und Leo XIII. als Norm für die römisch-katholische Kirche sanktionirten Moraltheologie [being extracts, with a German translation, from the “Theologia moralis”], und die furchtbare Gefahr dieser Moraltheologie für die Sittlichkeit der Völker ... Von Robert Grassmann.</marc:subfield></marc:datafield><marc:datafield tag="775" ind1="0" ind2=" "><marc:subfield code="t">[Theologia moralis juxta doctrinam S. Alphonsi Mariæ de Ligorio, etc. (Supplementum.)]</marc:subfield><marc:subfield code="d">2 tom. Paderbornæ, 1913. 8º.</marc:subfield><marc:subfield code="w">(Uk)MP1.0000025642.1</marc:subfield></marc:datafield><marc:datafield tag="775" ind1="0" ind2=" "><marc:subfield code="t">[Theologia moralis juxta doctrinam S. Alphonsi Mariæ de Ligorio, etc. (Supplementum.)]</marc:subfield><marc:subfield code="d">2 tom. Buscoduci, 1919, 20. 8º.</marc:subfield><marc:subfield code="w">(Uk)MP1.0000025642.2</marc:subfield></marc:datafield><marc:datafield tag="852" ind1="4" ind2="1"><marc:subfield code="a">British Library</marc:subfield><marc:subfield code="b">HMNTS</marc:subfield><marc:subfield code="j">3560.i.8.</marc:subfield></marc:datafield><marc:datafield tag="886" ind1="2" ind2=" "><marc:subfield code="2">blmarc</marc:subfield><marc:subfield code="a">709</marc:subfield><marc:subfield code="b">00</marc:subfield><marc:subfield code="a">ALPHONSO MARIA [de' Liguori], Saint, Bishop of Sant' Agata dei Goti</marc:subfield><marc:subfield code="t">Single Works</marc:subfield><marc:subfield code="t">Grundzüge aus der von den Päpsten Pius IX. und Leo XIII. als Norm für die römisch-katholische Kirche sanktionirten Moraltheologie [being extracts, with a German translation, from the “Theologia moralis”], und die furchtbare Gefahr dieser Moraltheologie für die Sittlichkeit der Völker ... Von Robert Grassmann.</marc:subfield><marc:subfield code="p">03560.k.2.</marc:subfield><marc:subfield code="x">0062360140</marc:subfield><marc:subfield code="p">3559.dd.8.</marc:subfield><marc:subfield code="x">0062360140</marc:subfield><marc:subfield code="p">3560.i.8.</marc:subfield><marc:subfield code="x">0062360140</marc:subfield></marc:datafield></marc:record>