
<marc:record><marc:leader>00783 am a22001693  4500</marc:leader>
<marc:controlfield tag="001">000022826</marc:controlfield>
<marc:controlfield tag="003">Uk</marc:controlfield><marc:controlfield tag="005">20091125222300.0</marc:controlfield><marc:controlfield tag="008">870814|1884|||||||    ||     ||| |||||  </marc:controlfield><marc:datafield tag="040" ind1=" " ind2=" "><marc:subfield code="a">Uk</marc:subfield><marc:subfield code="c">Uk</marc:subfield></marc:datafield><marc:datafield tag="100" ind1="1" ind2=" "><marc:subfield code="a">AERTS, Félix.</marc:subfield></marc:datafield><marc:datafield tag="245" ind1="1" ind2="0"><marc:subfield code="a">[Catéchisme musical; ou, théorie raisonnée des éléments complets de la musique par demandes et réponses, etc.]</marc:subfield></marc:datafield><marc:datafield tag="250" ind1=" " ind2=" "><marc:subfield code="a">[Another edition.] Grammaire musicale ... Avec tableaux intuitifs, à l'usage des Cours Supérieurs.</marc:subfield></marc:datafield><marc:datafield tag="260" ind1=" " ind2=" "><marc:subfield code="a">pp. 103. Bruxelles, Leipzig [printed, 1884.]</marc:subfield></marc:datafield><marc:datafield tag="300" ind1=" " ind2=" "><marc:subfield code="a">8º.</marc:subfield></marc:datafield><marc:datafield tag="787" ind1="0" ind2=" "><marc:subfield code="t">Catéchisme musical; ou, théorie raisonnée des éléments complets de la musique par demandes et réponses, etc.</marc:subfield><marc:subfield code="d">pp. 56. Bruxelles, [1878.] 8º.</marc:subfield><marc:subfield code="w">(Uk)MP1.0000025650</marc:subfield></marc:datafield><marc:datafield tag="852" ind1="4" ind2="1"><marc:subfield code="a">British Library</marc:subfield><marc:subfield code="b">HMNTS</marc:subfield><marc:subfield code="j">D-7897.h.39.</marc:subfield></marc:datafield></marc:record>