
<marc:record><marc:leader>00724cam a22001813  4500</marc:leader>
<marc:controlfield tag="001">000022865</marc:controlfield>
<marc:controlfield tag="003">Uk</marc:controlfield><marc:controlfield tag="005">20120224170000.0</marc:controlfield><marc:controlfield tag="008">870814|1850|||||||    ||    |||| |||||  </marc:controlfield><marc:datafield tag="040" ind1=" " ind2=" "><marc:subfield code="a">Uk</marc:subfield><marc:subfield code="c">Uk</marc:subfield></marc:datafield><marc:datafield tag="100" ind1="0" ind2=" "><marc:subfield code="a">Aeschines.</marc:subfield></marc:datafield><marc:datafield tag="240" ind1="1" ind2="0"><marc:subfield code="a">Works</marc:subfield></marc:datafield><marc:datafield tag="245" ind1="1" ind2="0"><marc:subfield code="a">[Aeschines. Recognoverunt I. G. Baiterus et H. Sauppius. Accesserunt lectiones codicis Helmstadiensis. Gr.]</marc:subfield></marc:datafield><marc:datafield tag="250" ind1=" " ind2=" "><marc:subfield code="a">[Another edition.]</marc:subfield></marc:datafield><marc:datafield tag="260" ind1=" " ind2=" "><marc:subfield code="c">1850.</marc:subfield></marc:datafield><marc:datafield tag="580" ind1=" " ind2=" "><marc:subfield code="a">In : Baiterus (J. G.) and Sauppe (H.) Oratores Attici, etc. pt. 1. 1850, etc. 4º.</marc:subfield></marc:datafield><marc:datafield tag="787" ind1="0" ind2=" "><marc:subfield code="t">Aeschines. Recognoverunt I. G. Baiterus et H. Sauppius. Accesserunt lectiones codicis Helmstadiensis. Gr.</marc:subfield><marc:subfield code="d">pp. xxxv. 218. Turici, 1840. 8º.</marc:subfield><marc:subfield code="w">(Uk)MP1.0000025703</marc:subfield></marc:datafield><marc:datafield tag="852" ind1="4" ind2="1"><marc:subfield code="a">British Library</marc:subfield><marc:subfield code="b">HMNTS</marc:subfield><marc:subfield code="j">834.l.15.</marc:subfield></marc:datafield></marc:record>