
<marc:record><marc:leader>01168cam a22002533  4500</marc:leader>
<marc:controlfield tag="001">000022869</marc:controlfield>
<marc:controlfield tag="003">Uk</marc:controlfield><marc:controlfield tag="005">20071113170921.0</marc:controlfield><marc:controlfield tag="008">011001s1896    gw     ||    |||| ||grc  </marc:controlfield><marc:datafield tag="040" ind1=" " ind2=" "><marc:subfield code="a">Uk</marc:subfield><marc:subfield code="c">Uk</marc:subfield></marc:datafield><marc:datafield tag="100" ind1="0" ind2=" "><marc:subfield code="a">Aeschines.</marc:subfield></marc:datafield><marc:datafield tag="240" ind1="1" ind2="0"><marc:subfield code="a">Works</marc:subfield></marc:datafield><marc:datafield tag="245" ind1="1" ind2="0"><marc:subfield code="a">Aeschinis Orationes. Post Fr. Frankium curavit Fridericus Blass. Editio maior aucta indice verborum a S. Preuss confecto. Gr.</marc:subfield></marc:datafield><marc:datafield tag="260" ind1=" " ind2=" "><marc:subfield code="a">Lipsiae,</marc:subfield><marc:subfield code="c">1896.</marc:subfield></marc:datafield><marc:datafield tag="300" ind1=" " ind2=" "><marc:subfield code="a">xv, 522 p. ;</marc:subfield><marc:subfield code="c">8º.</marc:subfield></marc:datafield><marc:datafield tag="500" ind1=" " ind2=" "><marc:subfield code="a">Part of the “Bibliotheca Scriptorum Graecorum et Latinorum Teubneriana.”.</marc:subfield></marc:datafield><marc:datafield tag="700" ind1="1" ind2=" "><marc:subfield code="a">BLASS, Friedrich Wilhelm.</marc:subfield></marc:datafield><marc:datafield tag="700" ind1="1" ind2=" "><marc:subfield code="a">FRANKE, Friedrich,</marc:subfield><marc:subfield code="c">of Weimar.</marc:subfield></marc:datafield><marc:datafield tag="700" ind1="1" ind2=" "><marc:subfield code="a">PREUSS, Siegmund.</marc:subfield></marc:datafield><marc:datafield tag="775" ind1="0" ind2=" "><marc:subfield code="t">[Aeschinis Orationes. Post Fr. Frankium curavit Fridericus Blass. Editio maior aucta indice verborum a S. Preuss confecto. Gr.]</marc:subfield><marc:subfield code="d">pp. xiv. 329. Lipsiae, 1908. 8º.</marc:subfield><marc:subfield code="w">(Uk)MP1.0000025707.1</marc:subfield></marc:datafield><marc:datafield tag="852" ind1="4" ind2="1"><marc:subfield code="a">British Library</marc:subfield><marc:subfield code="b">HMNTS</marc:subfield><marc:subfield code="j">1568/8387.</marc:subfield></marc:datafield><marc:datafield tag="886" ind1="2" ind2=" "><marc:subfield code="2">blmarc</marc:subfield><marc:subfield code="a">709</marc:subfield><marc:subfield code="b">00</marc:subfield><marc:subfield code="a">BLASS</marc:subfield><marc:subfield code="h">Friedrich Wilhelm</marc:subfield><marc:subfield code="p">2048.f.1.</marc:subfield><marc:subfield code="p">2048.f.2.</marc:subfield><marc:subfield code="x">0342470280</marc:subfield></marc:datafield><marc:datafield tag="886" ind1="2" ind2=" "><marc:subfield code="2">blmarc</marc:subfield><marc:subfield code="a">709</marc:subfield><marc:subfield code="b">00</marc:subfield><marc:subfield code="a">FRANKE</marc:subfield><marc:subfield code="h">Friedrich</marc:subfield><marc:subfield code="f">of Weimar</marc:subfield><marc:subfield code="p">2048.f.1.</marc:subfield><marc:subfield code="x">1150250186</marc:subfield><marc:subfield code="p">2048.f.2.</marc:subfield><marc:subfield code="x">1150250194</marc:subfield></marc:datafield><marc:datafield tag="886" ind1="2" ind2=" "><marc:subfield code="2">blmarc</marc:subfield><marc:subfield code="a">709</marc:subfield><marc:subfield code="b">00</marc:subfield><marc:subfield code="a">PREUSS</marc:subfield><marc:subfield code="h">Siegmund</marc:subfield><marc:subfield code="p">2048.f.1.</marc:subfield><marc:subfield code="x">2652380214</marc:subfield></marc:datafield></marc:record>