
<marc:record><marc:leader>01364cam a22002413  4500</marc:leader>
<marc:controlfield tag="001">000022889</marc:controlfield>
<marc:controlfield tag="003">Uk</marc:controlfield><marc:controlfield tag="005">20130501182900.0</marc:controlfield><marc:controlfield tag="008">870814|1801||||enk    ||    |||| |||||  </marc:controlfield><marc:datafield tag="040" ind1=" " ind2=" "><marc:subfield code="a">Uk</marc:subfield><marc:subfield code="c">Uk</marc:subfield></marc:datafield><marc:datafield tag="100" ind1="0" ind2=" "><marc:subfield code="a">Aeschines.</marc:subfield></marc:datafield><marc:datafield tag="240" ind1="1" ind2="0"><marc:subfield code="a">Single Works</marc:subfield></marc:datafield><marc:datafield tag="245" ind1="1" ind2="0"><marc:subfield code="a">Αἰσχινου ὁ κατα Κτησιφωντος και Δημοσθενους ὁ περι Στεφανου λογος. Cum delectu annotationum, præcipue e Tayloro, Marklando, Reiskio.</marc:subfield></marc:datafield><marc:datafield tag="260" ind1=" " ind2=" "><marc:subfield code="a">Oxonii :</marc:subfield><marc:subfield code="b">E Typographeo Clarendoniano,</marc:subfield><marc:subfield code="c">1801.</marc:subfield></marc:datafield><marc:datafield tag="300" ind1=" " ind2=" "><marc:subfield code="a">2 pt. ;</marc:subfield><marc:subfield code="c">8º.</marc:subfield></marc:datafield><marc:datafield tag="700" ind1="1" ind2=" "><marc:subfield code="a">Markland, Jeremiah,</marc:subfield><marc:subfield code="d">1693-1776.</marc:subfield></marc:datafield><marc:datafield tag="700" ind1="1" ind2=" "><marc:subfield code="a">Reiske, Johann Jacob,</marc:subfield><marc:subfield code="d">1716-1774.</marc:subfield></marc:datafield><marc:datafield tag="700" ind1="1" ind2=" "><marc:subfield code="a">Taylor, John,</marc:subfield><marc:subfield code="d">1704-1766.</marc:subfield></marc:datafield><marc:datafield tag="852" ind1="4" ind2="1"><marc:subfield code="a">British Library</marc:subfield><marc:subfield code="b">HMNTS</marc:subfield><marc:subfield code="j">166.i.5.</marc:subfield></marc:datafield><marc:datafield tag="852" ind1="4" ind2="1"><marc:subfield code="a">British Library</marc:subfield><marc:subfield code="b">HMNTS</marc:subfield><marc:subfield code="j">C.151.c.13.</marc:subfield><marc:subfield code="3">[Another copy.] Αἰσχίνου ὁ κατὰ Κτησιφω̂ντος καὶ Δημοσθένους ὁ περὶ στεφάνου λόγος, etc. Oxonii, 1801. 8º.***In a contemporary gold-tooled red morocco binding signed by Fargher &amp; Lindner. With the arms of William Wyndham Grenville, Baron Grenville, on both covers.</marc:subfield></marc:datafield><marc:datafield tag="886" ind1="2" ind2=" "><marc:subfield code="2">blmarc</marc:subfield><marc:subfield code="a">709</marc:subfield><marc:subfield code="b">00</marc:subfield><marc:subfield code="a">MARKLAND</marc:subfield><marc:subfield code="h">Jeremiah</marc:subfield><marc:subfield code="p">166.i.5.</marc:subfield><marc:subfield code="x">2114230252</marc:subfield></marc:datafield><marc:datafield tag="886" ind1="2" ind2=" "><marc:subfield code="2">blmarc</marc:subfield><marc:subfield code="a">709</marc:subfield><marc:subfield code="b">00</marc:subfield><marc:subfield code="a">REISKE</marc:subfield><marc:subfield code="h">Johann Jacob</marc:subfield><marc:subfield code="p">166.i.5.</marc:subfield><marc:subfield code="x">2731140089</marc:subfield></marc:datafield><marc:datafield tag="886" ind1="2" ind2=" "><marc:subfield code="2">blmarc</marc:subfield><marc:subfield code="a">709</marc:subfield><marc:subfield code="b">00</marc:subfield><marc:subfield code="a">TAYLOR</marc:subfield><marc:subfield code="h">John</marc:subfield><marc:subfield code="f">LL.D., Archdeacon of Buckingham</marc:subfield><marc:subfield code="p">166.i.5.</marc:subfield><marc:subfield code="x">3214320297</marc:subfield></marc:datafield></marc:record>