
<marc:record><marc:leader>00810cam a22001693  4500</marc:leader>
<marc:controlfield tag="001">000022893</marc:controlfield>
<marc:controlfield tag="003">Uk</marc:controlfield><marc:controlfield tag="005">20130501182900.0</marc:controlfield><marc:controlfield tag="008">870814|1820||||enk    ||    |||| |||||  </marc:controlfield><marc:datafield tag="040" ind1=" " ind2=" "><marc:subfield code="a">Uk</marc:subfield><marc:subfield code="c">Uk</marc:subfield></marc:datafield><marc:datafield tag="100" ind1="0" ind2=" "><marc:subfield code="a">Aeschines.</marc:subfield></marc:datafield><marc:datafield tag="240" ind1="1" ind2="0"><marc:subfield code="a">Single Works</marc:subfield></marc:datafield><marc:datafield tag="245" ind1="1" ind2="0"><marc:subfield code="a">Αἰσχινου ὁ κατα Κτησιφωντος και Δημοσθενους ὁ περι Στεφανου λογος. Cum delectu annotationum ... Editio quarta.</marc:subfield></marc:datafield><marc:datafield tag="260" ind1=" " ind2=" "><marc:subfield code="a">Oxonii :</marc:subfield><marc:subfield code="b">E Typographeo Clarendoniano,</marc:subfield><marc:subfield code="c">1820.</marc:subfield></marc:datafield><marc:datafield tag="300" ind1=" " ind2=" "><marc:subfield code="a">2 pt. ;</marc:subfield><marc:subfield code="c">8º.</marc:subfield></marc:datafield><marc:datafield tag="775" ind1="0" ind2=" "><marc:subfield code="t">[Αἰσχινου ὁ κατα Κτησιφωντος και Δημοσθενους ὁ περι Στεφανου λογος. Cum delectu annotationum ... Editio quarta.]</marc:subfield><marc:subfield code="d">2 pt. R. Priestley: Londini, 1822. 8º.</marc:subfield><marc:subfield code="w">(Uk)MP1.0000025725.1</marc:subfield></marc:datafield><marc:datafield tag="852" ind1="4" ind2="1"><marc:subfield code="a">British Library</marc:subfield><marc:subfield code="b">HMNTS</marc:subfield><marc:subfield code="j">11391.f.5.</marc:subfield></marc:datafield></marc:record>