
<marc:record><marc:leader>01230cam a22002413  4500</marc:leader>
<marc:controlfield tag="001">000022894</marc:controlfield>
<marc:controlfield tag="003">Uk</marc:controlfield><marc:controlfield tag="005">20120224170000.0</marc:controlfield><marc:controlfield tag="008">870814|1822|||||||    ||    |||| |||||  </marc:controlfield><marc:datafield tag="040" ind1=" " ind2=" "><marc:subfield code="a">Uk</marc:subfield><marc:subfield code="c">Uk</marc:subfield></marc:datafield><marc:datafield tag="100" ind1="0" ind2=" "><marc:subfield code="a">Aeschines.</marc:subfield></marc:datafield><marc:datafield tag="240" ind1="1" ind2="0"><marc:subfield code="a">Single Works</marc:subfield></marc:datafield><marc:datafield tag="245" ind1="1" ind2="0"><marc:subfield code="a">[Αἰσχινου ὁ κατα Κτησιφωντος και Δημοσθενους ὁ περι Στεφανου λογος. Cum delectu annotationum ... Editio quarta.]</marc:subfield></marc:datafield><marc:datafield tag="250" ind1=" " ind2=" "><marc:subfield code="a">[Another edition.] Cum notis variorum ... congestis, edidit G. S. D. A. M. [i.e. W. S. Dobson?], etc.</marc:subfield></marc:datafield><marc:datafield tag="260" ind1=" " ind2=" "><marc:subfield code="a">Londini :</marc:subfield><marc:subfield code="b">R. Priestley,</marc:subfield><marc:subfield code="c">1822.</marc:subfield></marc:datafield><marc:datafield tag="300" ind1=" " ind2=" "><marc:subfield code="a">2 pt. ;</marc:subfield><marc:subfield code="c">8º.</marc:subfield></marc:datafield><marc:datafield tag="500" ind1=" " ind2=" "><marc:subfield code="a">The “De Corona” has a separate titlepage, dated 1821.</marc:subfield></marc:datafield><marc:datafield tag="700" ind1="1" ind2=" "><marc:subfield code="a">DOBSON, William Stephen.</marc:subfield></marc:datafield><marc:datafield tag="700" ind1="1" ind2=" "><marc:subfield code="a">M., G. S. D. A.</marc:subfield></marc:datafield><marc:datafield tag="787" ind1="0" ind2=" "><marc:subfield code="t">Αἰσχινου ὁ κατα Κτησιφωντος και Δημοσθενους ὁ περι Στεφανου λογος. Cum delectu annotationum ... Editio quarta.</marc:subfield><marc:subfield code="d">2 pt. E Typographeo Clarendoniano: Oxonii, 1820. 8º.</marc:subfield><marc:subfield code="w">(Uk)MP1.0000025725</marc:subfield></marc:datafield><marc:datafield tag="852" ind1="4" ind2="1"><marc:subfield code="a">British Library</marc:subfield><marc:subfield code="b">HMNTS</marc:subfield><marc:subfield code="j">11391.ee.2.</marc:subfield></marc:datafield><marc:datafield tag="886" ind1="2" ind2=" "><marc:subfield code="2">blmarc</marc:subfield><marc:subfield code="a">709</marc:subfield><marc:subfield code="b">00</marc:subfield><marc:subfield code="a">DOBSON</marc:subfield><marc:subfield code="h">William Stephen</marc:subfield><marc:subfield code="p">11391.ee.2.</marc:subfield><marc:subfield code="x">0844960039</marc:subfield></marc:datafield><marc:datafield tag="886" ind1="2" ind2=" "><marc:subfield code="2">blmarc</marc:subfield><marc:subfield code="a">709</marc:subfield><marc:subfield code="b">00</marc:subfield><marc:subfield code="a">M.</marc:subfield><marc:subfield code="h">G. S. D. A.</marc:subfield><marc:subfield code="p">11391.ee.2.</marc:subfield><marc:subfield code="x">2040960155</marc:subfield></marc:datafield></marc:record>