
<marc:record><marc:leader>00812 am a22001933  4500</marc:leader>
<marc:controlfield tag="001">000022897</marc:controlfield>
<marc:controlfield tag="003">Uk</marc:controlfield><marc:controlfield tag="005">20091125222300.0</marc:controlfield><marc:controlfield tag="008">920511|1829|||||||    ||    |||| |||||  </marc:controlfield><marc:datafield tag="040" ind1=" " ind2=" "><marc:subfield code="a">Uk</marc:subfield><marc:subfield code="c">Uk</marc:subfield></marc:datafield><marc:datafield tag="100" ind1="0" ind2=" "><marc:subfield code="a">Aeschines.</marc:subfield></marc:datafield><marc:datafield tag="240" ind1="1" ind2="0"><marc:subfield code="a">Single Works</marc:subfield></marc:datafield><marc:datafield tag="245" ind1="1" ind2="0"><marc:subfield code="a">Orations of Æschines and Demosthenes on the Crown. With modern Greek prolegomena and English notes, by A. Negris. Gr.</marc:subfield></marc:datafield><marc:datafield tag="260" ind1=" " ind2=" "><marc:subfield code="a">pp. ιζʹ. 296. Hilliard &amp; Co.: Boston, 1829.</marc:subfield></marc:datafield><marc:datafield tag="300" ind1=" " ind2=" "><marc:subfield code="a">8º.</marc:subfield></marc:datafield><marc:datafield tag="700" ind1="1" ind2=" "><marc:subfield code="a">NEGRIS, Alexander.</marc:subfield></marc:datafield><marc:datafield tag="775" ind1="0" ind2=" "><marc:subfield code="t">[Orations of Æschines and Demosthenes on the Crown. With modern Greek prolegomena and English notes, by A. Negris. Gr.]</marc:subfield><marc:subfield code="d">pp. iii. 284. R. Priestley: Londini, 1837. 8º.</marc:subfield><marc:subfield code="w">(Uk)MP1.0000025728.1</marc:subfield></marc:datafield><marc:datafield tag="852" ind1="4" ind2="1"><marc:subfield code="a">British Library</marc:subfield><marc:subfield code="b">HMNTS</marc:subfield><marc:subfield code="j">11391.g.5.</marc:subfield></marc:datafield><marc:datafield tag="886" ind1="2" ind2=" "><marc:subfield code="2">blmarc</marc:subfield><marc:subfield code="a">709</marc:subfield><marc:subfield code="b">00</marc:subfield><marc:subfield code="a">NEGRIS</marc:subfield><marc:subfield code="h">Alexander</marc:subfield><marc:subfield code="p">11391.g.5.</marc:subfield><marc:subfield code="x">2332130055</marc:subfield></marc:datafield></marc:record>