
<marc:record><marc:leader>01041cam a22002053  4500</marc:leader>
<marc:controlfield tag="001">000022898</marc:controlfield>
<marc:controlfield tag="003">Uk</marc:controlfield><marc:controlfield tag="005">20120203162600.0</marc:controlfield><marc:controlfield tag="008">920511|1837|||||||    ||    |||| |||||  </marc:controlfield><marc:datafield tag="040" ind1=" " ind2=" "><marc:subfield code="a">Uk</marc:subfield><marc:subfield code="c">Uk</marc:subfield></marc:datafield><marc:datafield tag="100" ind1="0" ind2=" "><marc:subfield code="a">Aeschines.</marc:subfield></marc:datafield><marc:datafield tag="240" ind1="1" ind2="0"><marc:subfield code="a">Single Works</marc:subfield></marc:datafield><marc:datafield tag="245" ind1="1" ind2="0"><marc:subfield code="a">[Orations of Æschines and Demosthenes on the Crown. With modern Greek prolegomena and English notes, by A. Negris. Gr.]</marc:subfield></marc:datafield><marc:datafield tag="250" ind1=" " ind2=" "><marc:subfield code="a">[Another edition.] Æschinis In Ctesiphontem et Demosthenis De corona orationes duæ ad fidem optimorum exemplarum recensitæ, varietate lectionis et commentario perpetuo ... instructae ab I. H. Bremii.</marc:subfield></marc:datafield><marc:datafield tag="260" ind1=" " ind2=" "><marc:subfield code="a">Londini :</marc:subfield><marc:subfield code="b">R. Priestley,</marc:subfield><marc:subfield code="c">1837.</marc:subfield></marc:datafield><marc:datafield tag="300" ind1=" " ind2=" "><marc:subfield code="a">iii, 284 p. ;</marc:subfield><marc:subfield code="c">8º.</marc:subfield></marc:datafield><marc:datafield tag="700" ind1="1" ind2=" "><marc:subfield code="a">BREMI, Johann Heinrich.</marc:subfield></marc:datafield><marc:datafield tag="787" ind1="0" ind2=" "><marc:subfield code="t">Orations of Æschines and Demosthenes on the Crown. With modern Greek prolegomena and English notes, by A. Negris. Gr.</marc:subfield><marc:subfield code="d">pp. ιζʹ. 296. Hilliard &amp; Co.: Boston, 1829. 8º.</marc:subfield><marc:subfield code="w">(Uk)MP1.0000025728</marc:subfield></marc:datafield><marc:datafield tag="852" ind1="4" ind2="1"><marc:subfield code="a">British Library</marc:subfield><marc:subfield code="b">HMNTS</marc:subfield><marc:subfield code="j">834.h.27.</marc:subfield></marc:datafield><marc:datafield tag="886" ind1="2" ind2=" "><marc:subfield code="2">blmarc</marc:subfield><marc:subfield code="a">709</marc:subfield><marc:subfield code="b">00</marc:subfield><marc:subfield code="a">BREMI</marc:subfield><marc:subfield code="h">Johann Heinrich</marc:subfield><marc:subfield code="p">834.h.27.</marc:subfield><marc:subfield code="x">0415080045</marc:subfield></marc:datafield></marc:record>