
<marc:record><marc:leader>01789cam a22002413  4500</marc:leader>
<marc:controlfield tag="001">000022899</marc:controlfield>
<marc:controlfield tag="003">Uk</marc:controlfield><marc:controlfield tag="005">20110311165900.0</marc:controlfield><marc:controlfield tag="008">870814|1845|||||||    ||    |||| |||||  </marc:controlfield><marc:datafield tag="040" ind1=" " ind2=" "><marc:subfield code="a">Uk</marc:subfield><marc:subfield code="c">Uk</marc:subfield></marc:datafield><marc:datafield tag="100" ind1="0" ind2=" "><marc:subfield code="a">Aeschines.</marc:subfield></marc:datafield><marc:datafield tag="240" ind1="1" ind2="0"><marc:subfield code="a">Single Works</marc:subfield></marc:datafield><marc:datafield tag="245" ind1="1" ind2="0"><marc:subfield code="a">Αἰσχινου ὀ κατα Κτησιφωντος λογος ... Selectas aliorum suasque notas adjecit A. Regnier.</marc:subfield></marc:datafield><marc:datafield tag="260" ind1=" " ind2=" "><marc:subfield code="a">Parisiis,</marc:subfield><marc:subfield code="c">1845.</marc:subfield></marc:datafield><marc:datafield tag="300" ind1=" " ind2=" "><marc:subfield code="a">111 p. ;</marc:subfield><marc:subfield code="c">12º.</marc:subfield></marc:datafield><marc:datafield tag="700" ind1="1" ind2=" "><marc:subfield code="a">REGNIER, Jacques Auguste Adolphe.</marc:subfield></marc:datafield><marc:datafield tag="775" ind1="0" ind2=" "><marc:subfield code="t">[Αἰσχινου ὀ κατα Κτησιφωντος λογος ... Selectas aliorum suasque notas adjecit A. Regnier.]</marc:subfield><marc:subfield code="d">pp. x. 144. F. &amp; J. Rivington: London, 1851. 12º.</marc:subfield><marc:subfield code="w">(Uk)MP1.0000025729.1</marc:subfield></marc:datafield><marc:datafield tag="775" ind1="0" ind2=" "><marc:subfield code="t">[Αἰσχινου ὀ κατα Κτησιφωντος λογος ... Selectas aliorum suasque notas adjecit A. Regnier.]</marc:subfield><marc:subfield code="d">2 pt. J. H. Parker: Oxonii, 1852. 16º.</marc:subfield><marc:subfield code="w">(Uk)MP1.0000025729.2</marc:subfield></marc:datafield><marc:datafield tag="775" ind1="0" ind2=" "><marc:subfield code="t">[Αἰσχινου ὀ κατα Κτησιφωντος λογος ... Selectas aliorum suasque notas adjecit A. Regnier.]</marc:subfield><marc:subfield code="d">2 pt. J. H. &amp; J. Parker: Oxford, 1855. 16º.</marc:subfield><marc:subfield code="w">(Uk)MP1.0000025729.3</marc:subfield></marc:datafield><marc:datafield tag="775" ind1="0" ind2=" "><marc:subfield code="t">[Αἰσχινου ὀ κατα Κτησιφωντος λογος ... Selectas aliorum suasque notas adjecit A. Regnier.]</marc:subfield><marc:subfield code="n">In Demosthenes. [De Corona.-Greek.] Demosthenes on the Crown, with English notes by B. Drake, etc. 1860. 8º.</marc:subfield><marc:subfield code="w">(Uk)MP1.0000025729.4</marc:subfield></marc:datafield><marc:datafield tag="775" ind1="0" ind2=" "><marc:subfield code="t">[Αἰσχινου ὀ κατα Κτησιφωντος λογος ... Selectas aliorum suasque notas adjecit A. Regnier.]</marc:subfield><marc:subfield code="n">In Demosthenes. [De Corona.-Greek.] Demosthenes on the Crown, with English notes by B. Drake, etc. 1866. 8º.</marc:subfield><marc:subfield code="w">(Uk)MP1.0000025729.5</marc:subfield></marc:datafield><marc:datafield tag="852" ind1="4" ind2="1"><marc:subfield code="a">British Library</marc:subfield><marc:subfield code="b">HMNTS</marc:subfield><marc:subfield code="j">11391.b.9.</marc:subfield></marc:datafield><marc:datafield tag="886" ind1="2" ind2=" "><marc:subfield code="2">blmarc</marc:subfield><marc:subfield code="a">709</marc:subfield><marc:subfield code="b">00</marc:subfield><marc:subfield code="a">REGNIER</marc:subfield><marc:subfield code="h">Jacques Auguste Adolphe</marc:subfield><marc:subfield code="p">11391.b.9.</marc:subfield><marc:subfield code="x">2723180220</marc:subfield></marc:datafield></marc:record>