
<marc:record><marc:leader>01233cam a22002533  4500</marc:leader>
<marc:controlfield tag="001">000022900</marc:controlfield>
<marc:controlfield tag="003">Uk</marc:controlfield><marc:controlfield tag="005">20130520180000.0</marc:controlfield><marc:controlfield tag="008">870814|1851||||enk    ||    |||| |||||  </marc:controlfield><marc:datafield tag="040" ind1=" " ind2=" "><marc:subfield code="a">Uk</marc:subfield><marc:subfield code="c">Uk</marc:subfield></marc:datafield><marc:datafield tag="100" ind1="0" ind2=" "><marc:subfield code="a">Aeschines.</marc:subfield></marc:datafield><marc:datafield tag="240" ind1="1" ind2="0"><marc:subfield code="a">Single Works</marc:subfield></marc:datafield><marc:datafield tag="245" ind1="1" ind2="0"><marc:subfield code="a">[Αἰσχινου ὀ κατα Κτησιφωντος λογος ... Selectas aliorum suasque notas adjecit A. Regnier.]</marc:subfield></marc:datafield><marc:datafield tag="250" ind1=" " ind2=" "><marc:subfield code="a">[Another edition.] With English notes by J. T. Champlin ... Edited with additional notes, including those of President Woolsey, by ... T. K. Arnold.</marc:subfield></marc:datafield><marc:datafield tag="260" ind1=" " ind2=" "><marc:subfield code="a">London :</marc:subfield><marc:subfield code="b">F. &amp; J. Rivington,</marc:subfield><marc:subfield code="c">1851.</marc:subfield></marc:datafield><marc:datafield tag="300" ind1=" " ind2=" "><marc:subfield code="a">x, 144 p. ;</marc:subfield><marc:subfield code="c">12º.</marc:subfield></marc:datafield><marc:datafield tag="700" ind1="1" ind2=" "><marc:subfield code="a">Arnold, Thomas Kerchever,</marc:subfield><marc:subfield code="d">1800-1853.</marc:subfield></marc:datafield><marc:datafield tag="700" ind1="1" ind2=" "><marc:subfield code="a">CHAMPLIN, James Tift.</marc:subfield></marc:datafield><marc:datafield tag="700" ind1="1" ind2=" "><marc:subfield code="a">WOOLSEY, Theodore Dwight.</marc:subfield></marc:datafield><marc:datafield tag="787" ind1="0" ind2=" "><marc:subfield code="t">Αἰσχινου ὀ κατα Κτησιφωντος λογος ... Selectas aliorum suasque notas adjecit A. Regnier.</marc:subfield><marc:subfield code="d">pp. 111. Parisiis, 1845. 12º.</marc:subfield><marc:subfield code="w">(Uk)MP1.0000025729</marc:subfield></marc:datafield><marc:datafield tag="852" ind1="4" ind2="1"><marc:subfield code="a">British Library</marc:subfield><marc:subfield code="b">HMNTS</marc:subfield><marc:subfield code="j">11391.d.4.</marc:subfield></marc:datafield><marc:datafield tag="886" ind1="2" ind2=" "><marc:subfield code="2">blmarc</marc:subfield><marc:subfield code="a">709</marc:subfield><marc:subfield code="b">00</marc:subfield><marc:subfield code="a">ARNOLD</marc:subfield><marc:subfield code="h">Thomas Kerchever</marc:subfield><marc:subfield code="p">11391.d.4.</marc:subfield><marc:subfield code="x">0114870179</marc:subfield></marc:datafield><marc:datafield tag="886" ind1="2" ind2=" "><marc:subfield code="2">blmarc</marc:subfield><marc:subfield code="a">709</marc:subfield><marc:subfield code="b">00</marc:subfield><marc:subfield code="a">CHAMPLIN</marc:subfield><marc:subfield code="h">James Tift</marc:subfield><marc:subfield code="p">11391.d.4.</marc:subfield><marc:subfield code="x">0582140188</marc:subfield></marc:datafield><marc:datafield tag="886" ind1="2" ind2=" "><marc:subfield code="2">blmarc</marc:subfield><marc:subfield code="a">709</marc:subfield><marc:subfield code="b">00</marc:subfield><marc:subfield code="a">WOOLSEY</marc:subfield><marc:subfield code="h">Theodore Dwight</marc:subfield><marc:subfield code="p">11391.d.4.</marc:subfield><marc:subfield code="x">3552970266</marc:subfield></marc:datafield></marc:record>