
<marc:record><marc:leader>00837cam a22001813  4500</marc:leader>
<marc:controlfield tag="001">000022901</marc:controlfield>
<marc:controlfield tag="003">Uk</marc:controlfield><marc:controlfield tag="005">20120224170000.0</marc:controlfield><marc:controlfield tag="008">870814|1852|||||||    ||    |||| |||||  </marc:controlfield><marc:datafield tag="040" ind1=" " ind2=" "><marc:subfield code="a">Uk</marc:subfield><marc:subfield code="c">Uk</marc:subfield></marc:datafield><marc:datafield tag="100" ind1="0" ind2=" "><marc:subfield code="a">Aeschines.</marc:subfield></marc:datafield><marc:datafield tag="240" ind1="1" ind2="0"><marc:subfield code="a">Single Works</marc:subfield></marc:datafield><marc:datafield tag="245" ind1="1" ind2="0"><marc:subfield code="a">[Αἰσχινου ὀ κατα Κτησιφωντος λογος ... Selectas aliorum suasque notas adjecit A. Regnier.]</marc:subfield></marc:datafield><marc:datafield tag="250" ind1=" " ind2=" "><marc:subfield code="a">[Another edition.] Ex Bekkeri recensione repetita. Accedit Demosthenis super corona oratio, juxta textus Dindorfiani auctoritatem edita.</marc:subfield></marc:datafield><marc:datafield tag="260" ind1=" " ind2=" "><marc:subfield code="a">Oxonii :</marc:subfield><marc:subfield code="b">J. H. Parker,</marc:subfield><marc:subfield code="c">1852.</marc:subfield></marc:datafield><marc:datafield tag="300" ind1=" " ind2=" "><marc:subfield code="a">2 pt. ;</marc:subfield><marc:subfield code="c">16º.</marc:subfield></marc:datafield><marc:datafield tag="787" ind1="0" ind2=" "><marc:subfield code="t">Αἰσχινου ὀ κατα Κτησιφωντος λογος ... Selectas aliorum suasque notas adjecit A. Regnier.</marc:subfield><marc:subfield code="d">pp. 111. Parisiis, 1845. 12º.</marc:subfield><marc:subfield code="w">(Uk)MP1.0000025729</marc:subfield></marc:datafield><marc:datafield tag="852" ind1="4" ind2="1"><marc:subfield code="a">British Library</marc:subfield><marc:subfield code="b">HMNTS</marc:subfield><marc:subfield code="j">11391.b.10.</marc:subfield></marc:datafield></marc:record>