
<marc:record><marc:leader>00769 am a22001693  4500</marc:leader>
<marc:controlfield tag="001">000022904</marc:controlfield>
<marc:controlfield tag="003">Uk</marc:controlfield><marc:controlfield tag="005">20091125222300.0</marc:controlfield><marc:controlfield tag="008">870814|1866|||||||    ||    |||| |||||  </marc:controlfield><marc:datafield tag="040" ind1=" " ind2=" "><marc:subfield code="a">Uk</marc:subfield><marc:subfield code="c">Uk</marc:subfield></marc:datafield><marc:datafield tag="100" ind1="0" ind2=" "><marc:subfield code="a">Aeschines.</marc:subfield></marc:datafield><marc:datafield tag="240" ind1="1" ind2="0"><marc:subfield code="a">Single Works</marc:subfield></marc:datafield><marc:datafield tag="245" ind1="1" ind2="0"><marc:subfield code="a">[Αἰσχινου ὀ κατα Κτησιφωντος λογος ... Selectas aliorum suasque notas adjecit A. Regnier.]</marc:subfield></marc:datafield><marc:datafield tag="250" ind1=" " ind2=" "><marc:subfield code="a">[Another edition.]</marc:subfield></marc:datafield><marc:datafield tag="580" ind1=" " ind2=" "><marc:subfield code="a">In : Demosthenes. [De Corona.-Greek.] Demosthenes on the Crown, with English notes by B. Drake, etc. 1866. 8º.</marc:subfield></marc:datafield><marc:datafield tag="787" ind1="0" ind2=" "><marc:subfield code="t">Αἰσχινου ὀ κατα Κτησιφωντος λογος ... Selectas aliorum suasque notas adjecit A. Regnier.</marc:subfield><marc:subfield code="d">pp. 111. Parisiis, 1845. 12º.</marc:subfield><marc:subfield code="w">(Uk)MP1.0000025729</marc:subfield></marc:datafield><marc:datafield tag="852" ind1="4" ind2="1"><marc:subfield code="a">British Library</marc:subfield><marc:subfield code="b">HMNTS</marc:subfield><marc:subfield code="j">11391.b.24.</marc:subfield></marc:datafield></marc:record>