
<marc:record><marc:leader>00558 am a22001453  4500</marc:leader>
<marc:controlfield tag="001">000022905</marc:controlfield>
<marc:controlfield tag="003">Uk</marc:controlfield><marc:controlfield tag="005">20091125222300.0</marc:controlfield><marc:controlfield tag="008">870814|1872|||||||    ||    |||| |||||  </marc:controlfield><marc:datafield tag="040" ind1=" " ind2=" "><marc:subfield code="a">Uk</marc:subfield><marc:subfield code="c">Uk</marc:subfield></marc:datafield><marc:datafield tag="100" ind1="0" ind2=" "><marc:subfield code="a">Aeschines.</marc:subfield></marc:datafield><marc:datafield tag="240" ind1="1" ind2="0"><marc:subfield code="a">Single Works</marc:subfield></marc:datafield><marc:datafield tag="245" ind1="1" ind2="0"><marc:subfield code="a">Αἰσχινου κατα κτησιφωντος λογος..</marc:subfield></marc:datafield><marc:datafield tag="580" ind1=" " ind2=" "><marc:subfield code="a">In: Demosthenes. [De Corona.-Greek.] The Orations of Demosthenes and Æschines on the Crown. With introductory essays and notes by G. A. Simcox ... and W. H. Simcox. pp. 1-130. 1872. 8º.</marc:subfield></marc:datafield><marc:datafield tag="852" ind1="4" ind2="1"><marc:subfield code="a">British Library</marc:subfield><marc:subfield code="b">HMNTS</marc:subfield><marc:subfield code="j">2320.g.2.</marc:subfield></marc:datafield></marc:record>