
<marc:record><marc:leader>00607cam a22001813  4500</marc:leader>
<marc:controlfield tag="001">000022927</marc:controlfield>
<marc:controlfield tag="003">Uk</marc:controlfield><marc:controlfield tag="005">20130522192300.0</marc:controlfield><marc:controlfield tag="008">870814|1881||||xxu    ||    |||| ||eng  </marc:controlfield><marc:datafield tag="040" ind1=" " ind2=" "><marc:subfield code="a">Uk</marc:subfield><marc:subfield code="c">Uk</marc:subfield></marc:datafield><marc:datafield tag="100" ind1="0" ind2=" "><marc:subfield code="a">Aeschines.</marc:subfield></marc:datafield><marc:datafield tag="240" ind1="1" ind2="0"><marc:subfield code="a">Single Works</marc:subfield></marc:datafield><marc:datafield tag="245" ind1="1" ind2="4"><marc:subfield code="a">The Two Orations on the Crown. Æschines and Demosthenes. A new translation by G. W. Biddle.</marc:subfield></marc:datafield><marc:datafield tag="260" ind1=" " ind2=" "><marc:subfield code="a">Philadelphia :</marc:subfield><marc:subfield code="b">Lippincott &amp; Co.,</marc:subfield><marc:subfield code="c">1881.</marc:subfield></marc:datafield><marc:datafield tag="300" ind1=" " ind2=" "><marc:subfield code="a">xviii, 228 p. ;</marc:subfield><marc:subfield code="c">8º.</marc:subfield></marc:datafield><marc:datafield tag="700" ind1="1" ind2=" "><marc:subfield code="a">BIDDLE, George Washington.</marc:subfield></marc:datafield><marc:datafield tag="852" ind1="4" ind2="1"><marc:subfield code="a">British Library</marc:subfield><marc:subfield code="b">HMNTS</marc:subfield><marc:subfield code="j">11391.bb.2.</marc:subfield></marc:datafield><marc:datafield tag="886" ind1="2" ind2=" "><marc:subfield code="2">blmarc</marc:subfield><marc:subfield code="a">709</marc:subfield><marc:subfield code="b">00</marc:subfield><marc:subfield code="a">BIDDLE</marc:subfield><marc:subfield code="h">George Washington</marc:subfield><marc:subfield code="p">11391.bb.2.</marc:subfield><marc:subfield code="x">0321030095</marc:subfield></marc:datafield></marc:record>