
<marc:record><marc:leader>01485cam a22001693  4500</marc:leader>
<marc:controlfield tag="001">000022950</marc:controlfield>
<marc:controlfield tag="003">Uk</marc:controlfield><marc:controlfield tag="005">20090402110006.0</marc:controlfield><marc:controlfield tag="008">870814|1805|||||||    ||    |||| |||||  </marc:controlfield><marc:datafield tag="040" ind1=" " ind2=" "><marc:subfield code="a">Uk</marc:subfield><marc:subfield code="c">Uk</marc:subfield></marc:datafield><marc:datafield tag="100" ind1="0" ind2=" "><marc:subfield code="a">AESCHINES, pseud. [i.e. Francis William Blagdon.]</marc:subfield></marc:datafield><marc:datafield tag="245" ind1="1" ind2="2"><marc:subfield code="a">A Few Brief Remarks on a pamphlet, published by some individuals, supposed to be connected with the late Board of Admiralty, entitled, &quot;Observations on the concise statement of facts, privately circulated by Sir H. Popham&quot; &amp;c., in which the calumnies of those writers are examined and exposed ... By Æschines.</marc:subfield></marc:datafield><marc:datafield tag="260" ind1=" " ind2=" "><marc:subfield code="a">London :</marc:subfield><marc:subfield code="b">J. Swan,</marc:subfield><marc:subfield code="c">1805.</marc:subfield></marc:datafield><marc:datafield tag="300" ind1=" " ind2=" "><marc:subfield code="a">60 p. ;</marc:subfield><marc:subfield code="c">8º.</marc:subfield></marc:datafield><marc:datafield tag="600" ind1="1" ind2="0"><marc:subfield code="a">Popham, Home Riggs,</marc:subfield><marc:subfield code="d">1762-1820.</marc:subfield><marc:subfield code="t">Concise Statement of Facts, relative to the treatment experienced by Sir H. Popham, since his return from the Red Sea: to which is added the correspondence, naval, military and commercial, to ... the Marquis Wellesley, ... from Sir H. Popham, during his command in the Red Sea, and his subsequent embassy to the states of Arabia.</marc:subfield></marc:datafield><marc:datafield tag="852" ind1="4" ind2="1"><marc:subfield code="a">British Library</marc:subfield><marc:subfield code="b">HMNTS</marc:subfield><marc:subfield code="j">1103.i.75.</marc:subfield></marc:datafield><marc:datafield tag="886" ind1="2" ind2=" "><marc:subfield code="2">blmarc</marc:subfield><marc:subfield code="a">709</marc:subfield><marc:subfield code="b">00</marc:subfield><marc:subfield code="a">POPHAM</marc:subfield><marc:subfield code="e">Sir</marc:subfield><marc:subfield code="h">Home Riggs</marc:subfield><marc:subfield code="t">Appendix</marc:subfield><marc:subfield code="t">Concise Statement of Facts, relative to the treatment experienced by Sir H. Popham, since his return from the Red Sea: to which is added the correspondence, naval, military and commercial, to ... the Marquis Wellesley, ... from Sir H. Popham, during his command in the Red Sea, and his subsequent embassy to the states of Arabia.</marc:subfield><marc:subfield code="p">1103.i.75.</marc:subfield><marc:subfield code="x">2630170217</marc:subfield></marc:datafield></marc:record>