
<marc:record><marc:leader>00831cam a22001933  4500</marc:leader>
<marc:controlfield tag="001">000022973</marc:controlfield>
<marc:controlfield tag="003">Uk</marc:controlfield><marc:controlfield tag="005">20130627174000.0</marc:controlfield><marc:controlfield tag="008">950518|1809|||||||    ||    |||| ||grc  </marc:controlfield><marc:datafield tag="040" ind1=" " ind2=" "><marc:subfield code="a">Uk</marc:subfield><marc:subfield code="c">Uk</marc:subfield></marc:datafield><marc:datafield tag="100" ind1="0" ind2=" "><marc:subfield code="a">Aeschylus.</marc:subfield></marc:datafield><marc:datafield tag="240" ind1="1" ind2="0"><marc:subfield code="a">Works. Greek</marc:subfield></marc:datafield><marc:datafield tag="245" ind1="1" ind2="0"><marc:subfield code="a">Æschyli tragœdiæ. Ex editione C. G. Schütz.</marc:subfield></marc:datafield><marc:datafield tag="260" ind1=" " ind2=" "><marc:subfield code="a">Oxonii :</marc:subfield><marc:subfield code="b">Typis et sumtu N. Bliss,</marc:subfield><marc:subfield code="c">1809.</marc:subfield></marc:datafield><marc:datafield tag="300" ind1=" " ind2=" "><marc:subfield code="a">454 p. ;</marc:subfield><marc:subfield code="c">8º.</marc:subfield></marc:datafield><marc:datafield tag="775" ind1="0" ind2=" "><marc:subfield code="t">[Æschyli tragœdiæ. Ex editione C. G. Schütz.]</marc:subfield><marc:subfield code="d">3 vol. Halae, 1809, 11, 08. 8º.</marc:subfield><marc:subfield code="w">(Uk)MP1.0000025792.1</marc:subfield></marc:datafield><marc:datafield tag="775" ind1="0" ind2=" "><marc:subfield code="t">[Æschyli tragœdiæ. Ex editione C. G. Schütz.]</marc:subfield><marc:subfield code="d">2 vol. Impensis Roberti Bliss: Oxonii, 1810. 8º.</marc:subfield><marc:subfield code="w">(Uk)MP1.0000025792.2</marc:subfield></marc:datafield><marc:datafield tag="775" ind1="0" ind2=" "><marc:subfield code="t">[Æschyli tragœdiæ. Ex editione C. G. Schütz.]</marc:subfield><marc:subfield code="d">2 tom. G. &amp; W. B. Whittaker: Londini, 1823. 8º.</marc:subfield><marc:subfield code="w">(Uk)MP1.0000025792.4</marc:subfield></marc:datafield><marc:datafield tag="852" ind1="4" ind2="1"><marc:subfield code="a">British Library</marc:subfield><marc:subfield code="b">HMNTS</marc:subfield><marc:subfield code="j">1068.c.23.</marc:subfield></marc:datafield></marc:record>