
<marc:record><marc:leader>00757cam a22002053  4500</marc:leader>
<marc:controlfield tag="001">000022976</marc:controlfield>
<marc:controlfield tag="003">Uk</marc:controlfield><marc:controlfield tag="005">20130627174000.0</marc:controlfield><marc:controlfield tag="008">950518|1823|||||||    ||    |||| ||grc  </marc:controlfield><marc:datafield tag="040" ind1=" " ind2=" "><marc:subfield code="a">Uk</marc:subfield><marc:subfield code="c">Uk</marc:subfield></marc:datafield><marc:datafield tag="100" ind1="0" ind2=" "><marc:subfield code="a">Aeschylus.</marc:subfield></marc:datafield><marc:datafield tag="240" ind1="1" ind2="0"><marc:subfield code="a">Works. Greek</marc:subfield></marc:datafield><marc:datafield tag="245" ind1="1" ind2="0"><marc:subfield code="a">[Æschyli tragœdiæ. Ex editione C. G. Schütz.]</marc:subfield></marc:datafield><marc:datafield tag="250" ind1=" " ind2=" "><marc:subfield code="a">[Another edition.]</marc:subfield></marc:datafield><marc:datafield tag="260" ind1=" " ind2=" "><marc:subfield code="a">Londini :</marc:subfield><marc:subfield code="b">G. &amp; W. B. Whittaker,</marc:subfield><marc:subfield code="c">1823.</marc:subfield></marc:datafield><marc:datafield tag="300" ind1=" " ind2=" "><marc:subfield code="a">2 tom. ;</marc:subfield><marc:subfield code="c">8º.</marc:subfield></marc:datafield><marc:datafield tag="700" ind1="1" ind2=" "><marc:subfield code="a">SCHUETZ, Christian Gottfried.</marc:subfield></marc:datafield><marc:datafield tag="787" ind1="0" ind2=" "><marc:subfield code="t">Æschyli tragœdiæ. Ex editione C. G. Schütz.</marc:subfield><marc:subfield code="d">pp. 454. Typis et sumtu N. Bliss: Oxonii, 1809. 8º.</marc:subfield><marc:subfield code="w">(Uk)MP1.0000025792</marc:subfield></marc:datafield><marc:datafield tag="852" ind1="4" ind2="1"><marc:subfield code="a">British Library</marc:subfield><marc:subfield code="b">HMNTS</marc:subfield><marc:subfield code="j">841.i.31.</marc:subfield></marc:datafield><marc:datafield tag="886" ind1="2" ind2=" "><marc:subfield code="2">blmarc</marc:subfield><marc:subfield code="a">709</marc:subfield><marc:subfield code="b">00</marc:subfield><marc:subfield code="a">SCHUETZ</marc:subfield><marc:subfield code="h">Christian Gottfried</marc:subfield><marc:subfield code="p">11705.f.37.</marc:subfield><marc:subfield code="p">841.i.31.</marc:subfield><marc:subfield code="p">997.d.19.</marc:subfield><marc:subfield code="x">2944160214</marc:subfield></marc:datafield></marc:record>