
<marc:record><marc:leader>01160 am a22002653  4500</marc:leader>
<marc:controlfield tag="001">000022977</marc:controlfield>
<marc:controlfield tag="003">Uk</marc:controlfield><marc:controlfield tag="005">20081118113640.0</marc:controlfield><marc:controlfield tag="008">871006m18231831gw     ||    |||| ||grc  </marc:controlfield><marc:datafield tag="040" ind1=" " ind2=" "><marc:subfield code="a">Uk</marc:subfield><marc:subfield code="c">Uk</marc:subfield></marc:datafield><marc:datafield tag="041" ind1="0" ind2=" "><marc:subfield code="a">grc</marc:subfield><marc:subfield code="a">lat</marc:subfield></marc:datafield><marc:datafield tag="100" ind1="0" ind2=" "><marc:subfield code="a">Aeschylus.</marc:subfield></marc:datafield><marc:datafield tag="240" ind1="1" ind2="0"><marc:subfield code="a">Works</marc:subfield></marc:datafield><marc:datafield tag="245" ind1="1" ind2="0"><marc:subfield code="a">Aeschyli tragoediae /</marc:subfield><marc:subfield code="c">ad optimorum librorum fidem recensuit, integram lectionis varietatem notasque adjecit Augustus Wellauer.</marc:subfield></marc:datafield><marc:datafield tag="260" ind1=" " ind2=" "><marc:subfield code="a">Lipsiae :</marc:subfield><marc:subfield code="b">Sumtibus Frid. Chr. Guil. Vogelii,</marc:subfield><marc:subfield code="c">1823-1831.</marc:subfield></marc:datafield><marc:datafield tag="300" ind1=" " ind2=" "><marc:subfield code="a">3 v. in 4 ;</marc:subfield><marc:subfield code="c">22 cm.</marc:subfield></marc:datafield><marc:datafield tag="500" ind1=" " ind2=" "><marc:subfield code="a">Greek text with Latin notes.</marc:subfield></marc:datafield><marc:datafield tag="505" ind1="2" ind2=" "><marc:subfield code="a">v. 3. Lexicon Aeschyleum (in 2 v.).</marc:subfield></marc:datafield><marc:datafield tag="700" ind1="1" ind2=" "><marc:subfield code="a">Wellauer, August,</marc:subfield><marc:subfield code="d">1789-1831.</marc:subfield></marc:datafield><marc:datafield tag="700" ind1="1" ind2="2"><marc:subfield code="a">Wellauer, August,</marc:subfield><marc:subfield code="d">1789-1831.</marc:subfield><marc:subfield code="t">Lexicon Aeschyleum.</marc:subfield></marc:datafield><marc:datafield tag="775" ind1="0" ind2=" "><marc:subfield code="t">[Aeschyli tragoediae ... Recensuit ... notasque adjecit Augustus Wellauer. (Lexicon Aeschyleum.)]</marc:subfield><marc:subfield code="d">2 vol. W. P. Grant: Cantabrigiæ, 1827. 8º.</marc:subfield><marc:subfield code="w">(Uk)MP1.0000025793.2</marc:subfield></marc:datafield><marc:datafield tag="852" ind1="4" ind2="1"><marc:subfield code="a">British Library</marc:subfield><marc:subfield code="b">HMNTS</marc:subfield><marc:subfield code="j">11705.cc.2.</marc:subfield></marc:datafield><marc:datafield tag="852" ind1="4" ind2="1"><marc:subfield code="a">British Library</marc:subfield><marc:subfield code="b">HMNTS</marc:subfield><marc:subfield code="j">997.d.26.</marc:subfield><marc:subfield code="q">Copy at 997.d.26. Imperfect: vol. 3 only.</marc:subfield></marc:datafield><marc:datafield tag="852" ind1="4" ind2="1"><marc:subfield code="a">British Library</marc:subfield><marc:subfield code="b">OC</marc:subfield><marc:subfield code="j">IOL.1947.a.490</marc:subfield></marc:datafield><marc:datafield tag="886" ind1="2" ind2=" "><marc:subfield code="2">blmarc</marc:subfield><marc:subfield code="a">709</marc:subfield><marc:subfield code="b">00</marc:subfield><marc:subfield code="a">WELLAUER</marc:subfield><marc:subfield code="h">August</marc:subfield><marc:subfield code="p">11705.cc.2.</marc:subfield><marc:subfield code="x">3474380230</marc:subfield></marc:datafield></marc:record>