
<marc:record><marc:leader>01062cam a2200265   4500</marc:leader>
<marc:controlfield tag="001">000022979</marc:controlfield>
<marc:controlfield tag="003">Uk</marc:controlfield><marc:controlfield tag="005">20101026174405.0</marc:controlfield><marc:controlfield tag="008">871006s1828    enk    ||    |||| ||grc  </marc:controlfield><marc:datafield tag="040" ind1=" " ind2=" "><marc:subfield code="a">Uk</marc:subfield><marc:subfield code="c">Uk</marc:subfield></marc:datafield><marc:datafield tag="041" ind1="1" ind2=" "><marc:subfield code="a">grc</marc:subfield><marc:subfield code="a">lat</marc:subfield></marc:datafield><marc:datafield tag="042" ind1=" " ind2=" "><marc:subfield code="a">ukblsr</marc:subfield></marc:datafield><marc:datafield tag="100" ind1="0" ind2=" "><marc:subfield code="a">Aeschylus.</marc:subfield></marc:datafield><marc:datafield tag="240" ind1="1" ind2="0"><marc:subfield code="a">Works.</marc:subfield><marc:subfield code="l">Greek</marc:subfield></marc:datafield><marc:datafield tag="245" ind1="1" ind2="0"><marc:subfield code="a">Αἰσχυλος =</marc:subfield><marc:subfield code="b">Æschylus /</marc:subfield><marc:subfield code="c">recensuit Jacobus Scholefield.</marc:subfield></marc:datafield><marc:datafield tag="246" ind1="3" ind2="1"><marc:subfield code="a">Æschylus</marc:subfield></marc:datafield><marc:datafield tag="260" ind1=" " ind2=" "><marc:subfield code="a">Cantabrigiæ :</marc:subfield><marc:subfield code="b">Typis ac sumtibus Academicis,</marc:subfield><marc:subfield code="c">1828.</marc:subfield></marc:datafield><marc:datafield tag="300" ind1=" " ind2=" "><marc:subfield code="a">ii, 463 p. ;</marc:subfield><marc:subfield code="c">23 cm. (8º)</marc:subfield></marc:datafield><marc:datafield tag="700" ind1="1" ind2=" "><marc:subfield code="a">Mitchell, T.</marc:subfield><marc:subfield code="q">(Thomas),</marc:subfield><marc:subfield code="d">1783-1845.</marc:subfield></marc:datafield><marc:datafield tag="700" ind1="1" ind2=" "><marc:subfield code="a">Scholefield, James,</marc:subfield><marc:subfield code="d">1789-1853.</marc:subfield></marc:datafield><marc:datafield tag="852" ind1="4" ind2="1"><marc:subfield code="a">British Library</marc:subfield><marc:subfield code="b">HMNTS</marc:subfield><marc:subfield code="j">997.k.8.(1.)</marc:subfield></marc:datafield><marc:datafield tag="852" ind1="4" ind2="1"><marc:subfield code="a">British Library</marc:subfield><marc:subfield code="b">HMNTS</marc:subfield><marc:subfield code="j">11705.d.3.</marc:subfield><marc:subfield code="3">[Another copy.] Copious ms. notes [by Thomas Mitchell].</marc:subfield></marc:datafield><marc:datafield tag="852" ind1="4" ind2="1"><marc:subfield code="a">British Library</marc:subfield><marc:subfield code="b">OC</marc:subfield><marc:subfield code="j">IOL.1947.a.918</marc:subfield></marc:datafield><marc:datafield tag="886" ind1="2" ind2=" "><marc:subfield code="2">blmarc</marc:subfield><marc:subfield code="a">709</marc:subfield><marc:subfield code="b">00</marc:subfield><marc:subfield code="a">MITCHELL</marc:subfield><marc:subfield code="h">Thomas</marc:subfield><marc:subfield code="f">Fellow of Sidney Sussex College, Cambridge</marc:subfield><marc:subfield code="p">997.k.8.(1.)</marc:subfield><marc:subfield code="x">2232020096</marc:subfield></marc:datafield><marc:datafield tag="886" ind1="2" ind2=" "><marc:subfield code="2">blmarc</marc:subfield><marc:subfield code="a">709</marc:subfield><marc:subfield code="b">00</marc:subfield><marc:subfield code="a">SCHOLEFIELD</marc:subfield><marc:subfield code="h">James</marc:subfield><marc:subfield code="f">Regius Professor of Greek in the University of Cambridge</marc:subfield><marc:subfield code="p">997.k.8.(1.)</marc:subfield><marc:subfield code="x">2940510148</marc:subfield></marc:datafield></marc:record>