
<marc:record><marc:leader>00658cam a22001813  4500</marc:leader>
<marc:controlfield tag="001">000022980</marc:controlfield>
<marc:controlfield tag="003">Uk</marc:controlfield><marc:controlfield tag="005">20130627174000.0</marc:controlfield><marc:controlfield tag="008">871006|1833|||||||    ||    |||| ||grc  </marc:controlfield><marc:datafield tag="040" ind1=" " ind2=" "><marc:subfield code="a">Uk</marc:subfield><marc:subfield code="c">Uk</marc:subfield></marc:datafield><marc:datafield tag="100" ind1="0" ind2=" "><marc:subfield code="a">Aeschylus.</marc:subfield></marc:datafield><marc:datafield tag="240" ind1="1" ind2="0"><marc:subfield code="a">Works. Greek</marc:subfield></marc:datafield><marc:datafield tag="245" ind1="1" ind2="0"><marc:subfield code="a">Appendix ad editionem Æschyli Cantabrigiensem novissimam. Confecit Jacobus Scholefield, etc.</marc:subfield></marc:datafield><marc:datafield tag="260" ind1=" " ind2=" "><marc:subfield code="a">Cantabrigiæ :</marc:subfield><marc:subfield code="b">E prelo Pittiano,</marc:subfield><marc:subfield code="c">1833.</marc:subfield></marc:datafield><marc:datafield tag="300" ind1=" " ind2=" "><marc:subfield code="a">34 p. ;</marc:subfield><marc:subfield code="c">8º.</marc:subfield></marc:datafield><marc:datafield tag="700" ind1="1" ind2=" "><marc:subfield code="a">Scholefield, James,</marc:subfield><marc:subfield code="d">1789-1853.</marc:subfield></marc:datafield><marc:datafield tag="852" ind1="4" ind2="1"><marc:subfield code="a">British Library</marc:subfield><marc:subfield code="b">HMNTS</marc:subfield><marc:subfield code="j">997.k.8.(2.)</marc:subfield></marc:datafield><marc:datafield tag="886" ind1="2" ind2=" "><marc:subfield code="2">blmarc</marc:subfield><marc:subfield code="a">709</marc:subfield><marc:subfield code="b">00</marc:subfield><marc:subfield code="a">SCHOLEFIELD</marc:subfield><marc:subfield code="h">James</marc:subfield><marc:subfield code="f">Regius Professor of Greek in the University of Cambridge</marc:subfield><marc:subfield code="p">997.k.8.(2.)</marc:subfield><marc:subfield code="x">2940510156</marc:subfield></marc:datafield></marc:record>