
<marc:record><marc:leader>00732cam a22001693  4500</marc:leader>
<marc:controlfield tag="001">000022987</marc:controlfield>
<marc:controlfield tag="003">Uk</marc:controlfield><marc:controlfield tag="005">20130627174000.0</marc:controlfield><marc:controlfield tag="008">871006|1851|||||||    ||    |||| ||grc  </marc:controlfield><marc:datafield tag="040" ind1=" " ind2=" "><marc:subfield code="a">Uk</marc:subfield><marc:subfield code="c">Uk</marc:subfield></marc:datafield><marc:datafield tag="100" ind1="0" ind2=" "><marc:subfield code="a">Aeschylus.</marc:subfield></marc:datafield><marc:datafield tag="240" ind1="1" ind2="0"><marc:subfield code="a">Works. Greek</marc:subfield></marc:datafield><marc:datafield tag="245" ind1="1" ind2="0"><marc:subfield code="a">[Αἰσχυλου τραγωιδιαι ... Ex recensione R. Porsoni passim reficta a G. Dindorfio. Editio secunda, etc.]</marc:subfield></marc:datafield><marc:datafield tag="250" ind1=" " ind2=" "><marc:subfield code="a">[Another edition.]</marc:subfield></marc:datafield><marc:datafield tag="580" ind1=" " ind2=" "><marc:subfield code="a">In : Dindorf (C. W.) Poetarum Scenicorum Græcorum ... Fabulæ, etc. 1851. 8º.</marc:subfield></marc:datafield><marc:datafield tag="787" ind1="0" ind2=" "><marc:subfield code="t">Αἰσχυλου τραγωιδιαι ... Ex recensione R. Porsoni passim reficta a G. Dindorfio. Editio secunda, etc.</marc:subfield><marc:subfield code="d">pp. 282. Lipsiæ, 1850. 8º.</marc:subfield><marc:subfield code="w">(Uk)MP1.0000025801</marc:subfield></marc:datafield><marc:datafield tag="852" ind1="4" ind2="1"><marc:subfield code="a">British Library</marc:subfield><marc:subfield code="b">HMNTS</marc:subfield><marc:subfield code="j">11705.e.5.</marc:subfield></marc:datafield></marc:record>