
<marc:record><marc:leader>01242cam a22002533  4500</marc:leader>
<marc:controlfield tag="001">000023022</marc:controlfield>
<marc:controlfield tag="003">Uk</marc:controlfield><marc:controlfield tag="005">20110704174500.0</marc:controlfield><marc:controlfield tag="008">950308|1806|||||||    ||    |||| |||||  </marc:controlfield><marc:datafield tag="040" ind1=" " ind2=" "><marc:subfield code="a">Uk</marc:subfield><marc:subfield code="c">Uk</marc:subfield></marc:datafield><marc:datafield tag="100" ind1="0" ind2=" "><marc:subfield code="a">Aeschylus.</marc:subfield></marc:datafield><marc:datafield tag="240" ind1="1" ind2="0"><marc:subfield code="a">Works. Greek and Latin</marc:subfield></marc:datafield><marc:datafield tag="245" ind1="1" ind2="0"><marc:subfield code="a">Aeschyli tragœdiæ, etc. [Edited by Richard Porson.]</marc:subfield></marc:datafield><marc:datafield tag="260" ind1=" " ind2=" "><marc:subfield code="a">2 vol. Veneunt apud T. Payne: Londini; apud Jas. Cooke: Oxoniæ, 1806.</marc:subfield></marc:datafield><marc:datafield tag="300" ind1=" " ind2=" "><marc:subfield code="a">8º.</marc:subfield></marc:datafield><marc:datafield tag="700" ind1="1" ind2=" "><marc:subfield code="a">Burney, Charles,</marc:subfield><marc:subfield code="d">1757-1817.</marc:subfield><marc:subfield code="t">Works containing MS. notes by Charles Burney.</marc:subfield></marc:datafield><marc:datafield tag="700" ind1="1" ind2=" "><marc:subfield code="a">Porson, Richard,</marc:subfield><marc:subfield code="d">1759-1808.</marc:subfield></marc:datafield><marc:datafield tag="852" ind1="4" ind2="1"><marc:subfield code="a">British Library</marc:subfield><marc:subfield code="b">HMNTS</marc:subfield><marc:subfield code="j">11705.df.34.</marc:subfield></marc:datafield><marc:datafield tag="852" ind1="4" ind2="1"><marc:subfield code="a">British Library</marc:subfield><marc:subfield code="b">HMNTS</marc:subfield><marc:subfield code="j">997.d.21.; 997.d.22.</marc:subfield><marc:subfield code="3">[Another copy.] L.P.</marc:subfield></marc:datafield><marc:datafield tag="852" ind1="4" ind2="1"><marc:subfield code="a">British Library</marc:subfield><marc:subfield code="b">HMNTS</marc:subfield><marc:subfield code="j">55.c.8.; 55.c.9.</marc:subfield><marc:subfield code="3">[Another copy.] L.P.</marc:subfield></marc:datafield><marc:datafield tag="852" ind1="4" ind2="1"><marc:subfield code="a">British Library</marc:subfield><marc:subfield code="b">HMNTS</marc:subfield><marc:subfield code="j">G.8614.; G.8615.</marc:subfield><marc:subfield code="3">[Another copy.] L.P.</marc:subfield></marc:datafield><marc:datafield tag="852" ind1="4" ind2="1"><marc:subfield code="a">British Library</marc:subfield><marc:subfield code="b">HMNTS</marc:subfield><marc:subfield code="j">997.d.1-7.</marc:subfield><marc:subfield code="3">[Another copy.] Ms. notes [by Charles Burney.]***Bound in 7 vol., wanting the titlepage.</marc:subfield></marc:datafield><marc:datafield tag="886" ind1="2" ind2=" "><marc:subfield code="2">blmarc</marc:subfield><marc:subfield code="a">709</marc:subfield><marc:subfield code="b">00</marc:subfield><marc:subfield code="a">BURNEY</marc:subfield><marc:subfield code="h">Charles</marc:subfield><marc:subfield code="f">D.D.</marc:subfield><marc:subfield code="t">Works containing MS. notes by Charles Burney</marc:subfield><marc:subfield code="p">997.d.1-7.</marc:subfield><marc:subfield code="x">048326007X</marc:subfield></marc:datafield><marc:datafield tag="886" ind1="2" ind2=" "><marc:subfield code="2">blmarc</marc:subfield><marc:subfield code="a">709</marc:subfield><marc:subfield code="b">00</marc:subfield><marc:subfield code="a">PORSON</marc:subfield><marc:subfield code="h">Richard</marc:subfield><marc:subfield code="t">Works edited, translated or with prefaces by this Author</marc:subfield><marc:subfield code="p">11705.df.34.</marc:subfield><marc:subfield code="x">2631360001</marc:subfield></marc:datafield></marc:record>