
<marc:record><marc:leader>01135cam a22002413  4500</marc:leader>
<marc:controlfield tag="001">000023024</marc:controlfield>
<marc:controlfield tag="003">Uk</marc:controlfield><marc:controlfield tag="005">20111222151700.0</marc:controlfield><marc:controlfield tag="008">990315|1842|||||||    ||    |||| |||||  </marc:controlfield><marc:datafield tag="040" ind1=" " ind2=" "><marc:subfield code="a">Uk</marc:subfield><marc:subfield code="c">Uk</marc:subfield></marc:datafield><marc:datafield tag="100" ind1="0" ind2=" "><marc:subfield code="a">Aeschylus.</marc:subfield></marc:datafield><marc:datafield tag="240" ind1="1" ind2="0"><marc:subfield code="a">Works. Greek and Latin</marc:subfield></marc:datafield><marc:datafield tag="245" ind1="1" ind2="0"><marc:subfield code="a">Αἰσχυλος και Σοφοκλης. Æschyli et Sophoclis tragœdiæ et fragmenta ... cum indicibus. (Aeschyli editionem Lipsiensem Guil. Dindorfii recognovit, translationem latinam condidit fragmenta explicuit E. A. I. Ahrens.-Sophoclis ex nova recensione Guil. Dindorfii. Translationem latinam Brunckii reformavit L. Benloew, fragmenta ... explicuit E. A. I. Ahrens.).</marc:subfield></marc:datafield><marc:datafield tag="260" ind1=" " ind2=" "><marc:subfield code="a">Parisiis,</marc:subfield><marc:subfield code="c">1842.</marc:subfield></marc:datafield><marc:datafield tag="300" ind1=" " ind2=" "><marc:subfield code="a">2 pt. ;</marc:subfield><marc:subfield code="c">8º.</marc:subfield></marc:datafield><marc:datafield tag="700" ind1="1" ind2=" "><marc:subfield code="a">AHRENS, E. A. J.</marc:subfield></marc:datafield><marc:datafield tag="700" ind1="1" ind2=" "><marc:subfield code="a">BENLOEW, Louis.</marc:subfield></marc:datafield><marc:datafield tag="700" ind1="1" ind2=" "><marc:subfield code="a">BRUNCK, Richard Franz Philipp.</marc:subfield></marc:datafield><marc:datafield tag="700" ind1="1" ind2=" "><marc:subfield code="a">DINDORF, Karl Wilhelm.</marc:subfield></marc:datafield><marc:datafield tag="852" ind1="4" ind2="1"><marc:subfield code="a">British Library</marc:subfield><marc:subfield code="b">HMNTS</marc:subfield><marc:subfield code="j">011306.dd.4.</marc:subfield></marc:datafield><marc:datafield tag="886" ind1="2" ind2=" "><marc:subfield code="2">blmarc</marc:subfield><marc:subfield code="a">709</marc:subfield><marc:subfield code="b">00</marc:subfield><marc:subfield code="a">AHRENS</marc:subfield><marc:subfield code="h">E. A. J.</marc:subfield><marc:subfield code="p">011306.dd.4.</marc:subfield><marc:subfield code="x">0034650148</marc:subfield></marc:datafield><marc:datafield tag="886" ind1="2" ind2=" "><marc:subfield code="2">blmarc</marc:subfield><marc:subfield code="a">709</marc:subfield><marc:subfield code="b">00</marc:subfield><marc:subfield code="a">BENLOEW</marc:subfield><marc:subfield code="h">Louis</marc:subfield><marc:subfield code="p">011306.dd.4.</marc:subfield><marc:subfield code="x">0251160076</marc:subfield></marc:datafield><marc:datafield tag="886" ind1="2" ind2=" "><marc:subfield code="2">blmarc</marc:subfield><marc:subfield code="a">709</marc:subfield><marc:subfield code="b">00</marc:subfield><marc:subfield code="a">BRUNCK</marc:subfield><marc:subfield code="h">Richard Franz Philipp</marc:subfield><marc:subfield code="p">011306.dd.4.</marc:subfield><marc:subfield code="x">045182007X</marc:subfield></marc:datafield></marc:record>