
<marc:record><marc:leader>00891cam a22002053  4500</marc:leader>
<marc:controlfield tag="001">000023040</marc:controlfield>
<marc:controlfield tag="003">Uk</marc:controlfield><marc:controlfield tag="005">20130427150400.0</marc:controlfield><marc:controlfield tag="008">950314|1819|||||||    ||    |||| ||eng  </marc:controlfield><marc:datafield tag="040" ind1=" " ind2=" "><marc:subfield code="a">Uk</marc:subfield><marc:subfield code="c">Uk</marc:subfield></marc:datafield><marc:datafield tag="100" ind1="0" ind2=" "><marc:subfield code="a">Aeschylus.</marc:subfield></marc:datafield><marc:datafield tag="240" ind1="1" ind2="0"><marc:subfield code="a">Works. English</marc:subfield></marc:datafield><marc:datafield tag="245" ind1="1" ind2="5"><marc:subfield code="a">[The Tragedies of Æschylus translated [into English verse, with notes]. By R. Potter.]</marc:subfield></marc:datafield><marc:datafield tag="250" ind1=" " ind2=" "><marc:subfield code="a">New edition, corrected, with notes.</marc:subfield></marc:datafield><marc:datafield tag="260" ind1=" " ind2=" "><marc:subfield code="a">London :</marc:subfield><marc:subfield code="b">T. &amp; J. Allman,</marc:subfield><marc:subfield code="c">1819.</marc:subfield></marc:datafield><marc:datafield tag="300" ind1=" " ind2=" "><marc:subfield code="a">xli, 364 p. ;</marc:subfield><marc:subfield code="c">8º.</marc:subfield></marc:datafield><marc:datafield tag="700" ind1="1" ind2=" "><marc:subfield code="a">POTTER, Robert,</marc:subfield><marc:subfield code="c">Prebendary of Norwich.</marc:subfield></marc:datafield><marc:datafield tag="787" ind1="0" ind2=" "><marc:subfield code="t">The Tragedies of Æschylus translated [into English verse, with notes]. By R. Potter.</marc:subfield><marc:subfield code="d">pp. xxviii. 602. J. Crouse: Norwich, 1777. 4º.</marc:subfield><marc:subfield code="w">(Uk)MP1.0000025846</marc:subfield></marc:datafield><marc:datafield tag="852" ind1="4" ind2="1"><marc:subfield code="a">British Library</marc:subfield><marc:subfield code="b">HMNTS</marc:subfield><marc:subfield code="j">1349.d.2.</marc:subfield></marc:datafield><marc:datafield tag="886" ind1="2" ind2=" "><marc:subfield code="2">blmarc</marc:subfield><marc:subfield code="a">709</marc:subfield><marc:subfield code="b">00</marc:subfield><marc:subfield code="a">POTTER</marc:subfield><marc:subfield code="h">Robert</marc:subfield><marc:subfield code="f">Prebendary of Norwich</marc:subfield><marc:subfield code="p">11705.cc.41.(1.)</marc:subfield><marc:subfield code="p">1349.d.2.</marc:subfield><marc:subfield code="p">75.g.22.</marc:subfield><marc:subfield code="p">997.e.15,16.</marc:subfield><marc:subfield code="p">997.l.15.</marc:subfield><marc:subfield code="x">2640370278</marc:subfield></marc:datafield></marc:record>