
<marc:record><marc:leader>01136cam a22002293  4500</marc:leader>
<marc:controlfield tag="001">000023044</marc:controlfield>
<marc:controlfield tag="003">Uk</marc:controlfield><marc:controlfield tag="005">20130427150400.0</marc:controlfield><marc:controlfield tag="008">871006|1833|||||||    ||    |||| ||eng  </marc:controlfield><marc:datafield tag="040" ind1=" " ind2=" "><marc:subfield code="a">Uk</marc:subfield><marc:subfield code="c">Uk</marc:subfield></marc:datafield><marc:datafield tag="100" ind1="0" ind2=" "><marc:subfield code="a">Aeschylus.</marc:subfield></marc:datafield><marc:datafield tag="240" ind1="1" ind2="0"><marc:subfield code="a">Works. English</marc:subfield></marc:datafield><marc:datafield tag="245" ind1="1" ind2="0"><marc:subfield code="a">[Æschylus. [The translation of R. Potter, with slight alterations, and with illustrations from Flaxman's designs.]]</marc:subfield></marc:datafield><marc:datafield tag="250" ind1=" " ind2=" "><marc:subfield code="a">[Another edition.] [To which is prefixed: An essay on the Grecian drama, including a biographical memoir of Aeschylus. By J. S. Harford.]</marc:subfield></marc:datafield><marc:datafield tag="260" ind1=" " ind2=" "><marc:subfield code="a">London :</marc:subfield><marc:subfield code="b">A. J. Valpy,</marc:subfield><marc:subfield code="c">1833.</marc:subfield></marc:datafield><marc:datafield tag="300" ind1=" " ind2=" "><marc:subfield code="a">lxxx, 296 p. ;</marc:subfield><marc:subfield code="c">16º.</marc:subfield></marc:datafield><marc:datafield tag="700" ind1="1" ind2=" "><marc:subfield code="a">HARFORD, John Scandrett.</marc:subfield></marc:datafield><marc:datafield tag="700" ind1="1" ind2=" "><marc:subfield code="a">POTTER, Robert,</marc:subfield><marc:subfield code="c">Prebendary of Norwich.</marc:subfield></marc:datafield><marc:datafield tag="787" ind1="0" ind2=" "><marc:subfield code="t">Æschylus. [The translation of R. Potter, with slight alterations, and with illustrations from Flaxman's designs.]</marc:subfield><marc:subfield code="d">pp. iv. 291. John Murray: London, 1831. 8º.</marc:subfield><marc:subfield code="w">(Uk)MP1.0000025848</marc:subfield></marc:datafield><marc:datafield tag="852" ind1="4" ind2="1"><marc:subfield code="a">British Library</marc:subfield><marc:subfield code="b">HMNTS</marc:subfield><marc:subfield code="j">11305.aaa.1.(1.)</marc:subfield></marc:datafield><marc:datafield tag="886" ind1="2" ind2=" "><marc:subfield code="2">blmarc</marc:subfield><marc:subfield code="a">709</marc:subfield><marc:subfield code="b">00</marc:subfield><marc:subfield code="a">HARFORD</marc:subfield><marc:subfield code="h">John Scandrett</marc:subfield><marc:subfield code="p">11305.aaa.1.(1.)</marc:subfield><marc:subfield code="x">1401040128</marc:subfield></marc:datafield><marc:datafield tag="886" ind1="2" ind2=" "><marc:subfield code="2">blmarc</marc:subfield><marc:subfield code="a">709</marc:subfield><marc:subfield code="b">00</marc:subfield><marc:subfield code="a">POTTER</marc:subfield><marc:subfield code="h">Robert</marc:subfield><marc:subfield code="f">Prebendary of Norwich</marc:subfield><marc:subfield code="p">11305.aaa.1.(1.)</marc:subfield><marc:subfield code="x">2640370278</marc:subfield></marc:datafield></marc:record>