
<marc:record><marc:leader>00856cam a22001933  4500</marc:leader>
<marc:controlfield tag="001">000023051</marc:controlfield>
<marc:controlfield tag="003">Uk</marc:controlfield><marc:controlfield tag="005">20130716171200.0</marc:controlfield><marc:controlfield tag="008">871006|1873||||enk    ||    |||| ||eng  </marc:controlfield><marc:datafield tag="040" ind1=" " ind2=" "><marc:subfield code="a">Uk</marc:subfield><marc:subfield code="c">Uk</marc:subfield></marc:datafield><marc:datafield tag="100" ind1="0" ind2=" "><marc:subfield code="a">Aeschylus.</marc:subfield></marc:datafield><marc:datafield tag="240" ind1="1" ind2="0"><marc:subfield code="a">Works. English</marc:subfield></marc:datafield><marc:datafield tag="245" ind1="1" ind2="4"><marc:subfield code="a">The Dramas of Æschylus. Translated by Anna Swanwick. With ... illustrations from Flaxman's designs.</marc:subfield></marc:datafield><marc:datafield tag="260" ind1=" " ind2=" "><marc:subfield code="a">London :</marc:subfield><marc:subfield code="b">Bell &amp; Daldy,</marc:subfield><marc:subfield code="c">1873.</marc:subfield></marc:datafield><marc:datafield tag="300" ind1=" " ind2=" "><marc:subfield code="a">iv, 90 p. ;</marc:subfield><marc:subfield code="c">fol.</marc:subfield></marc:datafield><marc:datafield tag="700" ind1="1" ind2=" "><marc:subfield code="a">Flaxman, John,</marc:subfield><marc:subfield code="d">1755-1826.</marc:subfield><marc:subfield code="t">Drawings. Illustrations to Aeachylus.</marc:subfield></marc:datafield><marc:datafield tag="775" ind1="0" ind2=" "><marc:subfield code="t">[The Dramas of Æschylus. Translated by Anna Swanwick. With ... illustrations from Flaxman's designs.]</marc:subfield><marc:subfield code="d">pp. lx. 466. G. Bell &amp; Sons: London, 1881. 8º.</marc:subfield><marc:subfield code="w">(Uk)MP1.0000025855.1</marc:subfield></marc:datafield><marc:datafield tag="852" ind1="4" ind2="1"><marc:subfield code="a">British Library</marc:subfield><marc:subfield code="b">HMNTS</marc:subfield><marc:subfield code="j">1872.b.19.</marc:subfield></marc:datafield><marc:datafield tag="886" ind1="2" ind2=" "><marc:subfield code="2">blmarc</marc:subfield><marc:subfield code="a">709</marc:subfield><marc:subfield code="b">00</marc:subfield><marc:subfield code="a">FLAXMAN</marc:subfield><marc:subfield code="h">John</marc:subfield><marc:subfield code="t">Drawings</marc:subfield><marc:subfield code="t">Illustrations to Aeachylus</marc:subfield><marc:subfield code="p">1872.b.19.</marc:subfield><marc:subfield code="x">1100530290</marc:subfield></marc:datafield></marc:record>