
<marc:record><marc:leader>00728cam a22001933  4500</marc:leader>
<marc:controlfield tag="001">000023080</marc:controlfield>
<marc:controlfield tag="003">Uk</marc:controlfield><marc:controlfield tag="005">20130427150400.0</marc:controlfield><marc:controlfield tag="008">871006|1851|||||||    ||    |||| ||ger  </marc:controlfield><marc:datafield tag="040" ind1=" " ind2=" "><marc:subfield code="a">Uk</marc:subfield><marc:subfield code="c">Uk</marc:subfield></marc:datafield><marc:datafield tag="100" ind1="0" ind2=" "><marc:subfield code="a">Aeschylus.</marc:subfield></marc:datafield><marc:datafield tag="240" ind1="1" ind2="0"><marc:subfield code="a">Works. German</marc:subfield></marc:datafield><marc:datafield tag="245" ind1="1" ind2="0"><marc:subfield code="a">Die Tragödien des Aeschylos verdeutscht von Johannes Minckwitz. Neue Ausgabe.</marc:subfield></marc:datafield><marc:datafield tag="260" ind1=" " ind2=" "><marc:subfield code="a">Stuttgart,</marc:subfield><marc:subfield code="c">1851.</marc:subfield></marc:datafield><marc:datafield tag="300" ind1=" " ind2=" "><marc:subfield code="a">487 p. ;</marc:subfield><marc:subfield code="c">16º.</marc:subfield></marc:datafield><marc:datafield tag="700" ind1="1" ind2=" "><marc:subfield code="a">MINCKWITZ, Johannes.</marc:subfield></marc:datafield><marc:datafield tag="775" ind1="0" ind2=" "><marc:subfield code="t">[Die Tragödien des Aeschylos verdeutscht von Johannes Minckwitz. Neue Ausgabe.]</marc:subfield><marc:subfield code="d">pp. 377. Stuttgart, 1853. 8º.</marc:subfield><marc:subfield code="w">(Uk)MP1.0000025883.1</marc:subfield></marc:datafield><marc:datafield tag="852" ind1="4" ind2="1"><marc:subfield code="a">British Library</marc:subfield><marc:subfield code="b">HMNTS</marc:subfield><marc:subfield code="j">11705.a.3.</marc:subfield></marc:datafield><marc:datafield tag="886" ind1="2" ind2=" "><marc:subfield code="2">blmarc</marc:subfield><marc:subfield code="a">709</marc:subfield><marc:subfield code="b">00</marc:subfield><marc:subfield code="a">MINCKWITZ</marc:subfield><marc:subfield code="h">Johannes</marc:subfield><marc:subfield code="p">11705.a.3.</marc:subfield><marc:subfield code="x">2223260047</marc:subfield><marc:subfield code="p">11705.a.4.</marc:subfield><marc:subfield code="x">2223260047</marc:subfield></marc:datafield></marc:record>