
<marc:record><marc:leader>00909cam a22002053  4500</marc:leader>
<marc:controlfield tag="001">000023143</marc:controlfield>
<marc:controlfield tag="003">Uk</marc:controlfield><marc:controlfield tag="005">20130427150400.0</marc:controlfield><marc:controlfield tag="008">871006|1802|||||||    ||    |||| ||ger  </marc:controlfield><marc:datafield tag="040" ind1=" " ind2=" "><marc:subfield code="a">Uk</marc:subfield><marc:subfield code="c">Uk</marc:subfield></marc:datafield><marc:datafield tag="100" ind1="0" ind2=" "><marc:subfield code="a">Aeschylus.</marc:subfield></marc:datafield><marc:datafield tag="240" ind1="1" ind2="0"><marc:subfield code="a">Two or more Works. German</marc:subfield></marc:datafield><marc:datafield tag="245" ind1="1" ind2="0"><marc:subfield code="a">Vier Tragödien des Aeschylos. (Prometheus in Banden.-Sieben gegen Theben.-Die Perser.-Die Eumeniden.) Übersetzt von F. L. Grafen zu Stolberg. (Mit 16 Kupfern nach Flaxmann von G. Hardorf.).</marc:subfield></marc:datafield><marc:datafield tag="260" ind1=" " ind2=" "><marc:subfield code="a">Hamburg,</marc:subfield><marc:subfield code="c">1802.</marc:subfield></marc:datafield><marc:datafield tag="300" ind1=" " ind2=" "><marc:subfield code="a">300 p. ;</marc:subfield><marc:subfield code="c">8º.</marc:subfield></marc:datafield><marc:datafield tag="700" ind1="1" ind2=" "><marc:subfield code="a">Flaxman, John,</marc:subfield><marc:subfield code="d">1755-1826.</marc:subfield><marc:subfield code="t">Drawings. Illustrations to Aeachylus.</marc:subfield></marc:datafield><marc:datafield tag="700" ind1="1" ind2=" "><marc:subfield code="a">STOLBERG, Friedrich Leopold zu,</marc:subfield><marc:subfield code="c">Count.</marc:subfield></marc:datafield><marc:datafield tag="852" ind1="4" ind2="1"><marc:subfield code="a">British Library</marc:subfield><marc:subfield code="b">HMNTS</marc:subfield><marc:subfield code="j">11705.ff.31.</marc:subfield></marc:datafield><marc:datafield tag="886" ind1="2" ind2=" "><marc:subfield code="2">blmarc</marc:subfield><marc:subfield code="a">709</marc:subfield><marc:subfield code="b">00</marc:subfield><marc:subfield code="a">FLAXMAN</marc:subfield><marc:subfield code="h">John</marc:subfield><marc:subfield code="t">Drawings</marc:subfield><marc:subfield code="t">Illustrations to Aeachylus</marc:subfield><marc:subfield code="p">11705.ff.31.</marc:subfield><marc:subfield code="x">1100530304</marc:subfield></marc:datafield><marc:datafield tag="886" ind1="2" ind2=" "><marc:subfield code="2">blmarc</marc:subfield><marc:subfield code="a">709</marc:subfield><marc:subfield code="b">00</marc:subfield><marc:subfield code="a">STOLBERG</marc:subfield><marc:subfield code="h">Friedrich Leopold zu</marc:subfield><marc:subfield code="f">Count</marc:subfield><marc:subfield code="p">11705.ff.31.</marc:subfield><marc:subfield code="x">3143130202</marc:subfield></marc:datafield></marc:record>