
<marc:record><marc:leader>00833cam a22001813  4500</marc:leader>
<marc:controlfield tag="001">000023163</marc:controlfield>
<marc:controlfield tag="003">Uk</marc:controlfield><marc:controlfield tag="005">20130627174000.0</marc:controlfield><marc:controlfield tag="008">871006|1822|||||||    ||    |||| ||grc  </marc:controlfield><marc:datafield tag="040" ind1=" " ind2=" "><marc:subfield code="a">Uk</marc:subfield><marc:subfield code="c">Uk</marc:subfield></marc:datafield><marc:datafield tag="100" ind1="0" ind2=" "><marc:subfield code="a">Aeschylus.</marc:subfield></marc:datafield><marc:datafield tag="240" ind1="1" ind2="0"><marc:subfield code="a">Single works. Agamemnon. Greek</marc:subfield></marc:datafield><marc:datafield tag="245" ind1="1" ind2="0"><marc:subfield code="a">[Αἰσχυλου Ἀγαμεμνων. Aeschyli Agamemnon. Ad fidem manuscriptorum emendavit, notas et glossarium adjecit Carolus Jacobus Blomfield.]</marc:subfield></marc:datafield><marc:datafield tag="250" ind1=" " ind2=" "><marc:subfield code="a">Editio secunda.</marc:subfield></marc:datafield><marc:datafield tag="260" ind1=" " ind2=" "><marc:subfield code="a">Cantabrigiæ :</marc:subfield><marc:subfield code="b">Typis Academicis,</marc:subfield><marc:subfield code="c">1822.</marc:subfield></marc:datafield><marc:datafield tag="300" ind1=" " ind2=" "><marc:subfield code="a">xx, 332 p. ;</marc:subfield><marc:subfield code="c">8º.</marc:subfield></marc:datafield><marc:datafield tag="787" ind1="0" ind2=" "><marc:subfield code="t">Αἰσχυλου Ἀγαμεμνων. Aeschyli Agamemnon. Ad fidem manuscriptorum emendavit, notas et glossarium adjecit Carolus Jacobus Blomfield.</marc:subfield><marc:subfield code="d">pp. xx. 329. Typis Academicis: Cantabrigiæ, 1818. 8º.</marc:subfield><marc:subfield code="w">(Uk)MP1.0000025964</marc:subfield></marc:datafield><marc:datafield tag="852" ind1="4" ind2="1"><marc:subfield code="a">British Library</marc:subfield><marc:subfield code="b">HMNTS</marc:subfield><marc:subfield code="j">997.d.24.(1.)</marc:subfield></marc:datafield></marc:record>