
<marc:record><marc:leader>00899cam a22002173  4500</marc:leader>
<marc:controlfield tag="001">000023173</marc:controlfield>
<marc:controlfield tag="003">Uk</marc:controlfield><marc:controlfield tag="005">20130627174000.0</marc:controlfield><marc:controlfield tag="008">871006|1856|||||||    ||    |||| ||grc  </marc:controlfield><marc:datafield tag="040" ind1=" " ind2=" "><marc:subfield code="a">Uk</marc:subfield><marc:subfield code="c">Uk</marc:subfield></marc:datafield><marc:datafield tag="100" ind1="0" ind2=" "><marc:subfield code="a">Aeschylus.</marc:subfield></marc:datafield><marc:datafield tag="240" ind1="1" ind2="0"><marc:subfield code="a">Single works. Agamemnon. Greek</marc:subfield></marc:datafield><marc:datafield tag="245" ind1="1" ind2="0"><marc:subfield code="a">Aeschylos Agamemnon. Erklært von F. W. Schneidewin. [Edited by E. L. von Leutsch.]</marc:subfield></marc:datafield><marc:datafield tag="260" ind1=" " ind2=" "><marc:subfield code="a">Berlin,</marc:subfield><marc:subfield code="c">1856.</marc:subfield></marc:datafield><marc:datafield tag="300" ind1=" " ind2=" "><marc:subfield code="a">lv, 260 p. ;</marc:subfield><marc:subfield code="c">8º.</marc:subfield></marc:datafield><marc:datafield tag="700" ind1="1" ind2=" "><marc:subfield code="a">LEUTSCH, Ernst Ludwig von.</marc:subfield></marc:datafield><marc:datafield tag="700" ind1="1" ind2=" "><marc:subfield code="a">SCHNEIDEWIN, Friedrich Wilhelm.</marc:subfield></marc:datafield><marc:datafield tag="775" ind1="0" ind2=" "><marc:subfield code="t">[Aeschylos Agamemnon. Erklært von F. W. Schneidewin. [Edited by E. L. von Leutsch.]]</marc:subfield><marc:subfield code="d">pp. 110. Deighton, Bell &amp; Co.: Cambridge, 1880. 8º.</marc:subfield><marc:subfield code="w">(Uk)MP1.0000025974.1</marc:subfield></marc:datafield><marc:datafield tag="852" ind1="4" ind2="1"><marc:subfield code="a">British Library</marc:subfield><marc:subfield code="b">HMNTS</marc:subfield><marc:subfield code="j">11705.c.7.</marc:subfield></marc:datafield><marc:datafield tag="886" ind1="2" ind2=" "><marc:subfield code="2">blmarc</marc:subfield><marc:subfield code="a">709</marc:subfield><marc:subfield code="b">00</marc:subfield><marc:subfield code="a">LEUTSCH</marc:subfield><marc:subfield code="h">Ernst Ludwig von</marc:subfield><marc:subfield code="p">11705.c.7.</marc:subfield><marc:subfield code="x">190437025X</marc:subfield></marc:datafield><marc:datafield tag="886" ind1="2" ind2=" "><marc:subfield code="2">blmarc</marc:subfield><marc:subfield code="a">709</marc:subfield><marc:subfield code="b">00</marc:subfield><marc:subfield code="a">SCHNEIDEWIN</marc:subfield><marc:subfield code="h">Friedrich Wilhelm</marc:subfield><marc:subfield code="p">11705.c.7.</marc:subfield><marc:subfield code="x">2933900130</marc:subfield></marc:datafield></marc:record>