
<marc:record><marc:leader>01259cam a2200217   4500</marc:leader>
<marc:controlfield tag="001">000023183</marc:controlfield>
<marc:controlfield tag="003">Uk</marc:controlfield><marc:controlfield tag="005">20100708171724.0</marc:controlfield><marc:controlfield tag="008">871006s1829    ie            000 d mul  </marc:controlfield><marc:datafield tag="040" ind1=" " ind2=" "><marc:subfield code="a">Uk</marc:subfield><marc:subfield code="c">Uk</marc:subfield></marc:datafield><marc:datafield tag="100" ind1="0" ind2=" "><marc:subfield code="a">Aeschylus.</marc:subfield></marc:datafield><marc:datafield tag="240" ind1="1" ind2="0"><marc:subfield code="a">Single works. Agamemnon. Polyglott</marc:subfield></marc:datafield><marc:datafield tag="245" ind1="1" ind2="0"><marc:subfield code="a">Αἰσχυλου Ἀγαμεμνων τριγλωττος. Textum ad fidem editionum, præsertim Blomfieldianæ, recognovit, notasque Anglice conscriptas et indices adjecit, J. Kennedy ... Teutsch, übersetzt von Heinrich Voss. English, translated by James Kennedy.</marc:subfield></marc:datafield><marc:datafield tag="260" ind1=" " ind2=" "><marc:subfield code="a">Dublin:.</marc:subfield><marc:subfield code="b">printed at the University Press for C. J. G. &amp; F. Rivington ... London; sold also by W. F. Wakeman, R. Milliken and Son, and John Cumming, Dublin; and Blackwood, and Bell, and Bradfute, Edinburgh,</marc:subfield><marc:subfield code="c">1829.</marc:subfield></marc:datafield><marc:datafield tag="300" ind1=" " ind2=" "><marc:subfield code="a">xxiii, [4], 24-276 p.</marc:subfield><marc:subfield code="c">25 cm.</marc:subfield></marc:datafield><marc:datafield tag="700" ind1="1" ind2=" "><marc:subfield code="a">Blomfield, Charles James,</marc:subfield><marc:subfield code="d">1786-1857.</marc:subfield></marc:datafield><marc:datafield tag="700" ind1="1" ind2=" "><marc:subfield code="a">KENNEDY, afterwards KENNEDY BAILLIE, James,</marc:subfield><marc:subfield code="c">D.D.</marc:subfield></marc:datafield><marc:datafield tag="852" ind1="4" ind2="1"><marc:subfield code="a">British Library</marc:subfield><marc:subfield code="b">HMNTS</marc:subfield><marc:subfield code="j">997.k.9.</marc:subfield></marc:datafield><marc:datafield tag="852" ind1="4" ind2="1"><marc:subfield code="a">British Library</marc:subfield><marc:subfield code="b">HMNTS</marc:subfield><marc:subfield code="j">C.126.h.16.</marc:subfield></marc:datafield><marc:datafield tag="886" ind1="2" ind2=" "><marc:subfield code="2">blmarc</marc:subfield><marc:subfield code="a">709</marc:subfield><marc:subfield code="b">00</marc:subfield><marc:subfield code="a">BLOMFIELD</marc:subfield><marc:subfield code="h">Charles James</marc:subfield><marc:subfield code="f">successively Bishop of Chester and of London</marc:subfield><marc:subfield code="p">997.k.9.</marc:subfield><marc:subfield code="x">034456018X</marc:subfield></marc:datafield><marc:datafield tag="886" ind1="2" ind2=" "><marc:subfield code="2">blmarc</marc:subfield><marc:subfield code="a">709</marc:subfield><marc:subfield code="b">00</marc:subfield><marc:subfield code="a">KENNEDY, afterwards KENNEDY BAILLIE</marc:subfield><marc:subfield code="h">James</marc:subfield><marc:subfield code="f">D.D.</marc:subfield><marc:subfield code="p">997.k.9.</marc:subfield><marc:subfield code="x">1724650165</marc:subfield></marc:datafield></marc:record>