
<marc:record><marc:leader>00612cam a22001813  4500</marc:leader>
<marc:controlfield tag="001">000023185</marc:controlfield>
<marc:controlfield tag="003">Uk</marc:controlfield><marc:controlfield tag="005">20130723172100.0</marc:controlfield><marc:controlfield tag="008">871006|1868|||||||    ||    |||| ||eng  </marc:controlfield><marc:datafield tag="040" ind1=" " ind2=" "><marc:subfield code="a">Uk</marc:subfield><marc:subfield code="c">Uk</marc:subfield></marc:datafield><marc:datafield tag="100" ind1="0" ind2=" "><marc:subfield code="a">Aeschylus.</marc:subfield></marc:datafield><marc:datafield tag="240" ind1="1" ind2="0"><marc:subfield code="a">Single works. Agamemnon. Greek and English</marc:subfield></marc:datafield><marc:datafield tag="245" ind1="1" ind2="4"><marc:subfield code="a">The Agamemnon ... Revised and translated by J. F. Davies.</marc:subfield></marc:datafield><marc:datafield tag="260" ind1=" " ind2=" "><marc:subfield code="a">London :</marc:subfield><marc:subfield code="b">Williams &amp; Norgate ;</marc:subfield><marc:subfield code="a">Utrecht :</marc:subfield><marc:subfield code="b">Kemink &amp; Son,</marc:subfield><marc:subfield code="c">1868.</marc:subfield></marc:datafield><marc:datafield tag="300" ind1=" " ind2=" "><marc:subfield code="a">xv, 232 p. ;</marc:subfield><marc:subfield code="c">8º.</marc:subfield></marc:datafield><marc:datafield tag="700" ind1="1" ind2=" "><marc:subfield code="a">DAVIES, John Fletcher.</marc:subfield></marc:datafield><marc:datafield tag="852" ind1="4" ind2="1"><marc:subfield code="a">British Library</marc:subfield><marc:subfield code="b">HMNTS</marc:subfield><marc:subfield code="j">11705.f.5.</marc:subfield></marc:datafield><marc:datafield tag="886" ind1="2" ind2=" "><marc:subfield code="2">blmarc</marc:subfield><marc:subfield code="a">709</marc:subfield><marc:subfield code="b">00</marc:subfield><marc:subfield code="a">DAVIES</marc:subfield><marc:subfield code="h">John Fletcher</marc:subfield><marc:subfield code="p">11705.f.5.</marc:subfield><marc:subfield code="x">0775110094</marc:subfield></marc:datafield></marc:record>