
<marc:record><marc:leader>00915cam a22002053  4500</marc:leader>
<marc:controlfield tag="001">000023187</marc:controlfield>
<marc:controlfield tag="003">Uk</marc:controlfield><marc:controlfield tag="005">20120614165200.0</marc:controlfield><marc:controlfield tag="008">871006|1882|||||||    ||    |||| |||||  </marc:controlfield><marc:datafield tag="040" ind1=" " ind2=" "><marc:subfield code="a">Uk</marc:subfield><marc:subfield code="c">Uk</marc:subfield></marc:datafield><marc:datafield tag="100" ind1="0" ind2=" "><marc:subfield code="a">Aeschylus.</marc:subfield></marc:datafield><marc:datafield tag="240" ind1="1" ind2="0"><marc:subfield code="a">Single works. Agamemnon. Greek and English</marc:subfield></marc:datafield><marc:datafield tag="245" ind1="1" ind2="5"><marc:subfield code="a">[The Agamemnon ... With a metrical translation, and notes critical and illustrative, by Benjamin H. Kennedy.]</marc:subfield></marc:datafield><marc:datafield tag="250" ind1=" " ind2=" "><marc:subfield code="a">Second edition.</marc:subfield></marc:datafield><marc:datafield tag="260" ind1=" " ind2=" "><marc:subfield code="a">Cambridge :</marc:subfield><marc:subfield code="b">University Press,</marc:subfield><marc:subfield code="c">1882.</marc:subfield></marc:datafield><marc:datafield tag="300" ind1=" " ind2=" "><marc:subfield code="a">xxxvi, 227 p. ;</marc:subfield><marc:subfield code="c">8º.</marc:subfield></marc:datafield><marc:datafield tag="700" ind1="1" ind2=" "><marc:subfield code="a">Kennedy, Benjamin Hall,</marc:subfield><marc:subfield code="d">1804-1889</marc:subfield></marc:datafield><marc:datafield tag="787" ind1="0" ind2=" "><marc:subfield code="t">The Agamemnon ... With a metrical translation, and notes critical and illustrative, by Benjamin H. Kennedy.</marc:subfield><marc:subfield code="d">pp. xx. 212. University Press: Cambridge, 1878. 8º.</marc:subfield><marc:subfield code="w">(Uk)MP1.0000025985</marc:subfield></marc:datafield><marc:datafield tag="852" ind1="4" ind2="1"><marc:subfield code="a">British Library</marc:subfield><marc:subfield code="b">HMNTS</marc:subfield><marc:subfield code="j">11707.bbb.17.</marc:subfield></marc:datafield><marc:datafield tag="886" ind1="2" ind2=" "><marc:subfield code="2">blmarc</marc:subfield><marc:subfield code="a">709</marc:subfield><marc:subfield code="b">00</marc:subfield><marc:subfield code="a">KENNEDY</marc:subfield><marc:subfield code="h">Benjamin Hall</marc:subfield><marc:subfield code="p">11705.df.8.</marc:subfield><marc:subfield code="x">1724490184</marc:subfield><marc:subfield code="p">11707.bbb.17.</marc:subfield><marc:subfield code="x">1724490184</marc:subfield></marc:datafield></marc:record>