
<marc:record><marc:leader>00873cam a22002053  4500</marc:leader>
<marc:controlfield tag="001">000023203</marc:controlfield>
<marc:controlfield tag="003">Uk</marc:controlfield><marc:controlfield tag="005">20110421155500.0</marc:controlfield><marc:controlfield tag="008">871006|1863|||||||    ||    |||| |||||  </marc:controlfield><marc:datafield tag="040" ind1=" " ind2=" "><marc:subfield code="a">Uk</marc:subfield><marc:subfield code="c">Uk</marc:subfield></marc:datafield><marc:datafield tag="100" ind1="0" ind2=" "><marc:subfield code="a">Aeschylus.</marc:subfield></marc:datafield><marc:datafield tag="240" ind1="1" ind2="0"><marc:subfield code="a">Single works. Agamemnon. Greek and German</marc:subfield></marc:datafield><marc:datafield tag="245" ind1="1" ind2="0"><marc:subfield code="a">Aeschylus' Agamemnon. Mit Einleitung, Uebersetzung und Erklärung aus dem Nachlass Carl F. von Nägelsbach's herausgegeben von Dr. Friedrich List.</marc:subfield></marc:datafield><marc:datafield tag="260" ind1=" " ind2=" "><marc:subfield code="a">Erlangen,</marc:subfield><marc:subfield code="c">1863.</marc:subfield></marc:datafield><marc:datafield tag="300" ind1=" " ind2=" "><marc:subfield code="a">vi, 216 p. ;</marc:subfield><marc:subfield code="c">8º.</marc:subfield></marc:datafield><marc:datafield tag="700" ind1="1" ind2=" "><marc:subfield code="a">LIST, Friedrich,</marc:subfield><marc:subfield code="c">Professor am k. Kadettencorps in München.</marc:subfield></marc:datafield><marc:datafield tag="700" ind1="1" ind2=" "><marc:subfield code="a">NAEGELSBACH, Carl Friedrich von.</marc:subfield></marc:datafield><marc:datafield tag="852" ind1="4" ind2="1"><marc:subfield code="a">British Library</marc:subfield><marc:subfield code="b">HMNTS</marc:subfield><marc:subfield code="j">11705.ee.4.</marc:subfield></marc:datafield><marc:datafield tag="886" ind1="2" ind2=" "><marc:subfield code="2">blmarc</marc:subfield><marc:subfield code="a">709</marc:subfield><marc:subfield code="b">00</marc:subfield><marc:subfield code="a">LIST</marc:subfield><marc:subfield code="h">Friedrich</marc:subfield><marc:subfield code="f">Professor am k. Kadettencorps in München</marc:subfield><marc:subfield code="p">11705.ee.4.</marc:subfield><marc:subfield code="x">1933510218</marc:subfield></marc:datafield><marc:datafield tag="886" ind1="2" ind2=" "><marc:subfield code="2">blmarc</marc:subfield><marc:subfield code="a">709</marc:subfield><marc:subfield code="b">00</marc:subfield><marc:subfield code="a">NAEGELSBACH</marc:subfield><marc:subfield code="h">Carl Friedrich von</marc:subfield><marc:subfield code="p">11705.ee.4.</marc:subfield><marc:subfield code="x">231350011X</marc:subfield></marc:datafield></marc:record>