
<marc:record><marc:leader>00755cam a22001813  4500</marc:leader>
<marc:controlfield tag="001">000023211</marc:controlfield>
<marc:controlfield tag="003">Uk</marc:controlfield><marc:controlfield tag="005">20130427150400.0</marc:controlfield><marc:controlfield tag="008">871006|1865|||||||    ||    |||| ||eng  </marc:controlfield><marc:datafield tag="040" ind1=" " ind2=" "><marc:subfield code="a">Uk</marc:subfield><marc:subfield code="c">Uk</marc:subfield></marc:datafield><marc:datafield tag="100" ind1="0" ind2=" "><marc:subfield code="a">Aeschylus.</marc:subfield></marc:datafield><marc:datafield tag="240" ind1="1" ind2="0"><marc:subfield code="a">Single works. Agamemnon. English</marc:subfield></marc:datafield><marc:datafield tag="245" ind1="1" ind2="0"><marc:subfield code="a">Agamemnon. A tragedy, taken from Æschylus [by Edward Fitzgerald]. Ms. corrections [by the translator].</marc:subfield></marc:datafield><marc:datafield tag="260" ind1=" " ind2=" "><marc:subfield code="b">[Printed for private circulation,</marc:subfield><marc:subfield code="c">1865]</marc:subfield></marc:datafield><marc:datafield tag="300" ind1=" " ind2=" "><marc:subfield code="a">63 p. ;</marc:subfield><marc:subfield code="c">8º.</marc:subfield></marc:datafield><marc:datafield tag="700" ind1="1" ind2=" "><marc:subfield code="a">FitzGerald, Edward,</marc:subfield><marc:subfield code="d">1809-1883.</marc:subfield><marc:subfield code="t">Works edited or translated by Edward Fitzgerald.</marc:subfield></marc:datafield><marc:datafield tag="852" ind1="4" ind2="1"><marc:subfield code="a">British Library</marc:subfield><marc:subfield code="b">HMNTS</marc:subfield><marc:subfield code="j">Ashley738.</marc:subfield></marc:datafield><marc:datafield tag="886" ind1="2" ind2=" "><marc:subfield code="2">blmarc</marc:subfield><marc:subfield code="a">709</marc:subfield><marc:subfield code="b">00</marc:subfield><marc:subfield code="a">FITZGERALD</marc:subfield><marc:subfield code="h">Edward</marc:subfield><marc:subfield code="f">Translator of Omar Khayyám</marc:subfield><marc:subfield code="t">Works edited or translated by Edward Fitzgerald</marc:subfield><marc:subfield code="p">Ashley738.</marc:subfield><marc:subfield code="x">1093620293</marc:subfield></marc:datafield></marc:record>