
<marc:record><marc:leader>00925cam a22002053  4500</marc:leader>
<marc:controlfield tag="001">000023245</marc:controlfield>
<marc:controlfield tag="003">Uk</marc:controlfield><marc:controlfield tag="005">20130427150400.0</marc:controlfield><marc:controlfield tag="008">871006|1857|||||||    ||    |||| ||ger  </marc:controlfield><marc:datafield tag="040" ind1=" " ind2=" "><marc:subfield code="a">Uk</marc:subfield><marc:subfield code="c">Uk</marc:subfield></marc:datafield><marc:datafield tag="100" ind1="0" ind2=" "><marc:subfield code="a">Aeschylus.</marc:subfield></marc:datafield><marc:datafield tag="240" ind1="1" ind2="0"><marc:subfield code="a">Single works. Agamemnon. German</marc:subfield></marc:datafield><marc:datafield tag="245" ind1="1" ind2="0"><marc:subfield code="a">[Aeschylos Agamemnon, metrisch übersetzt von Wilhelm von Humboldt.]</marc:subfield></marc:datafield><marc:datafield tag="250" ind1=" " ind2=" "><marc:subfield code="a">Zweite Auflage.</marc:subfield></marc:datafield><marc:datafield tag="260" ind1=" " ind2=" "><marc:subfield code="a">Leipzig,</marc:subfield><marc:subfield code="c">1857.</marc:subfield></marc:datafield><marc:datafield tag="300" ind1=" " ind2=" "><marc:subfield code="a">xxxix, 93 p. ;</marc:subfield><marc:subfield code="c">8º.</marc:subfield></marc:datafield><marc:datafield tag="700" ind1="1" ind2=" "><marc:subfield code="a">Humboldt, Wilhelm,</marc:subfield><marc:subfield code="c">Freiherr von,</marc:subfield><marc:subfield code="d">1767-1835.</marc:subfield><marc:subfield code="t">Works edited, translated or with contributions by this Author.</marc:subfield></marc:datafield><marc:datafield tag="787" ind1="0" ind2=" "><marc:subfield code="t">Aeschylos Agamemnon, metrisch übersetzt von Wilhelm von Humboldt.</marc:subfield><marc:subfield code="d">pp. xxxvii. 86. Leipzig, 1816. 4º.</marc:subfield><marc:subfield code="w">(Uk)MP1.0000026041</marc:subfield></marc:datafield><marc:datafield tag="852" ind1="4" ind2="1"><marc:subfield code="a">British Library</marc:subfield><marc:subfield code="b">HMNTS</marc:subfield><marc:subfield code="j">11705.b.5.</marc:subfield></marc:datafield><marc:datafield tag="886" ind1="2" ind2=" "><marc:subfield code="2">blmarc</marc:subfield><marc:subfield code="a">709</marc:subfield><marc:subfield code="b">00</marc:subfield><marc:subfield code="a">HUMBOLDT</marc:subfield><marc:subfield code="h">Carl Wilhelm von</marc:subfield><marc:subfield code="f">Baron</marc:subfield><marc:subfield code="t">Works edited, translated or with contributions by this Author</marc:subfield><marc:subfield code="p">11705.b.5.</marc:subfield><marc:subfield code="x">1552470075</marc:subfield><marc:subfield code="p">832.f.23.</marc:subfield><marc:subfield code="x">1552470075</marc:subfield></marc:datafield></marc:record>