
<marc:record><marc:leader>00872cam a22002053  4500</marc:leader>
<marc:controlfield tag="001">000023252</marc:controlfield>
<marc:controlfield tag="003">Uk</marc:controlfield><marc:controlfield tag="005">20130427150400.0</marc:controlfield><marc:controlfield tag="008">871006|1890|||||||    ||    |||| ||swe  </marc:controlfield><marc:datafield tag="040" ind1=" " ind2=" "><marc:subfield code="a">Uk</marc:subfield><marc:subfield code="c">Uk</marc:subfield></marc:datafield><marc:datafield tag="100" ind1="0" ind2=" "><marc:subfield code="a">Aeschylus.</marc:subfield></marc:datafield><marc:datafield tag="240" ind1="1" ind2="0"><marc:subfield code="a">Single works. Agamemnon. Swedish</marc:subfield></marc:datafield><marc:datafield tag="245" ind1="1" ind2="0"><marc:subfield code="a">Agamemnon ... Öfversättning på den grekiska textens versmått af Bernhard Risberg.</marc:subfield></marc:datafield><marc:datafield tag="260" ind1=" " ind2=" "><marc:subfield code="a">Göteborg,</marc:subfield><marc:subfield code="c">1890.</marc:subfield></marc:datafield><marc:datafield tag="300" ind1=" " ind2=" "><marc:subfield code="a">64 p. ;</marc:subfield><marc:subfield code="c">8º.</marc:subfield></marc:datafield><marc:datafield tag="490" ind1="0" ind2=" "><marc:subfield code="a">[Göteborgs Kongl. Vetenskaps och Vitterhets Samhälles handlingar. Ny tidsföljd. hft. 24.]</marc:subfield></marc:datafield><marc:datafield tag="700" ind1="1" ind2=" "><marc:subfield code="a">RISBERG, Bernhard.</marc:subfield></marc:datafield><marc:datafield tag="775" ind1="0" ind2=" "><marc:subfield code="t">[Agamemnon ... Öfversättning på den grekiska textens versmått af Bernhard Risberg.]</marc:subfield><marc:subfield code="d">pp. xiv. 72. Stockholm, 1917. 8º.</marc:subfield><marc:subfield code="w">(Uk)MP1.0000026048.1</marc:subfield></marc:datafield><marc:datafield tag="852" ind1="4" ind2="1"><marc:subfield code="a">British Library</marc:subfield><marc:subfield code="b">HMNTS</marc:subfield><marc:subfield code="j">Ac.1063.</marc:subfield></marc:datafield><marc:datafield tag="886" ind1="2" ind2=" "><marc:subfield code="2">blmarc</marc:subfield><marc:subfield code="a">709</marc:subfield><marc:subfield code="b">00</marc:subfield><marc:subfield code="a">RISBERG</marc:subfield><marc:subfield code="h">Bernhard</marc:subfield><marc:subfield code="p">Ac.1063.</marc:subfield><marc:subfield code="x">2764530064</marc:subfield><marc:subfield code="p">Ac.1072.</marc:subfield><marc:subfield code="x">2764530072</marc:subfield></marc:datafield></marc:record>