
<marc:record><marc:leader>01193cam a22002173  4500</marc:leader>
<marc:controlfield tag="001">000023272</marc:controlfield>
<marc:controlfield tag="003">Uk</marc:controlfield><marc:controlfield tag="005">20120224170000.0</marc:controlfield><marc:controlfield tag="008">871006|1811|||||||    ||    |||| |||||  </marc:controlfield><marc:datafield tag="040" ind1=" " ind2=" "><marc:subfield code="a">Uk</marc:subfield><marc:subfield code="c">Uk</marc:subfield></marc:datafield><marc:datafield tag="100" ind1="0" ind2=" "><marc:subfield code="a">Aeschylus.</marc:subfield></marc:datafield><marc:datafield tag="240" ind1="1" ind2="0"><marc:subfield code="a">Single works. Choephori. Greek and Latin</marc:subfield></marc:datafield><marc:datafield tag="245" ind1="1" ind2="0"><marc:subfield code="a">Αἱ του Αἰσχυλου Χοηφοροι. Ex recensione Porsoniana. Adjecti sunt Choephorôn chorici cantus, sicut dispositi sunt in tentamine ... Caroli Burneii.</marc:subfield></marc:datafield><marc:datafield tag="260" ind1=" " ind2=" "><marc:subfield code="a">Edinburgi :</marc:subfield><marc:subfield code="b">E Prelo Academico,</marc:subfield><marc:subfield code="c">1811.</marc:subfield></marc:datafield><marc:datafield tag="300" ind1=" " ind2=" "><marc:subfield code="a">2 pt. ;</marc:subfield><marc:subfield code="c">12º.</marc:subfield></marc:datafield><marc:datafield tag="700" ind1="1" ind2=" "><marc:subfield code="a">Burney, Charles,</marc:subfield><marc:subfield code="d">1757-1817.</marc:subfield><marc:subfield code="t">Works written, edited or with contributions by Charles Burney. Tentamen de metris, ab Æschylo in choricis cantibus adhibitis.</marc:subfield></marc:datafield><marc:datafield tag="700" ind1="1" ind2=" "><marc:subfield code="a">Porson, Richard,</marc:subfield><marc:subfield code="d">1759-1808.</marc:subfield></marc:datafield><marc:datafield tag="852" ind1="4" ind2="1"><marc:subfield code="a">British Library</marc:subfield><marc:subfield code="b">HMNTS</marc:subfield><marc:subfield code="j">998.a.7.</marc:subfield></marc:datafield><marc:datafield tag="852" ind1="4" ind2="1"><marc:subfield code="a">British Library</marc:subfield><marc:subfield code="b">HMNTS</marc:subfield><marc:subfield code="j">G.8547.</marc:subfield><marc:subfield code="3">[Another copy.]</marc:subfield></marc:datafield><marc:datafield tag="886" ind1="2" ind2=" "><marc:subfield code="2">blmarc</marc:subfield><marc:subfield code="a">709</marc:subfield><marc:subfield code="b">00</marc:subfield><marc:subfield code="a">BURNEY</marc:subfield><marc:subfield code="h">Charles</marc:subfield><marc:subfield code="f">D.D.</marc:subfield><marc:subfield code="t">Works written, edited or with contributions by Charles Burney</marc:subfield><marc:subfield code="t">Tentamen de metris, ab Æschylo in choricis cantibus adhibitis.</marc:subfield><marc:subfield code="p">998.a.7.</marc:subfield><marc:subfield code="x">0483260010</marc:subfield></marc:datafield><marc:datafield tag="886" ind1="2" ind2=" "><marc:subfield code="2">blmarc</marc:subfield><marc:subfield code="a">709</marc:subfield><marc:subfield code="b">00</marc:subfield><marc:subfield code="a">PORSON</marc:subfield><marc:subfield code="h">Richard</marc:subfield><marc:subfield code="t">Works edited, translated or with prefaces by this Author</marc:subfield><marc:subfield code="p">998.a.7.</marc:subfield><marc:subfield code="x">263136001X</marc:subfield></marc:datafield></marc:record>