
<marc:record><marc:leader>00623cam a22001813  4500</marc:leader>
<marc:controlfield tag="001">000023297</marc:controlfield>
<marc:controlfield tag="003">Uk</marc:controlfield><marc:controlfield tag="005">20130627174000.0</marc:controlfield><marc:controlfield tag="008">871006|1900|||||||    ||    |||| ||grc  </marc:controlfield><marc:datafield tag="040" ind1=" " ind2=" "><marc:subfield code="a">Uk</marc:subfield><marc:subfield code="c">Uk</marc:subfield></marc:datafield><marc:datafield tag="100" ind1="0" ind2=" "><marc:subfield code="a">Aeschylus.</marc:subfield></marc:datafield><marc:datafield tag="240" ind1="1" ind2="0"><marc:subfield code="a">Single works. Eumenides. Greek</marc:subfield></marc:datafield><marc:datafield tag="245" ind1="1" ind2="0"><marc:subfield code="a">Aeschyli Eumenides. Annotatione critica et commentario exegetico instruxit Frederick H. M. Blaydes.</marc:subfield></marc:datafield><marc:datafield tag="260" ind1=" " ind2=" "><marc:subfield code="a">Halis Saxonum,</marc:subfield><marc:subfield code="c">1900.</marc:subfield></marc:datafield><marc:datafield tag="300" ind1=" " ind2=" "><marc:subfield code="a">x, 152 p. ;</marc:subfield><marc:subfield code="c">8º.</marc:subfield></marc:datafield><marc:datafield tag="700" ind1="1" ind2=" "><marc:subfield code="a">BLAYDES, Frederick Henry Marnell.</marc:subfield></marc:datafield><marc:datafield tag="852" ind1="4" ind2="1"><marc:subfield code="a">British Library</marc:subfield><marc:subfield code="b">HMNTS</marc:subfield><marc:subfield code="j">11707.f.18.</marc:subfield></marc:datafield><marc:datafield tag="886" ind1="2" ind2=" "><marc:subfield code="2">blmarc</marc:subfield><marc:subfield code="a">709</marc:subfield><marc:subfield code="b">00</marc:subfield><marc:subfield code="a">BLAYDES</marc:subfield><marc:subfield code="h">Frederick Henry Marnell</marc:subfield><marc:subfield code="p">11707.f.18.</marc:subfield><marc:subfield code="x">0342820257</marc:subfield></marc:datafield></marc:record>