
<marc:record><marc:leader>00718cam a22001813  4500</marc:leader>
<marc:controlfield tag="001">000023304</marc:controlfield>
<marc:controlfield tag="003">Uk</marc:controlfield><marc:controlfield tag="005">20130502171500.0</marc:controlfield><marc:controlfield tag="008">871006|1885||||enk    ||    |||| ||eng  </marc:controlfield><marc:datafield tag="040" ind1=" " ind2=" "><marc:subfield code="a">Uk</marc:subfield><marc:subfield code="c">Uk</marc:subfield></marc:datafield><marc:datafield tag="100" ind1="0" ind2=" "><marc:subfield code="a">Aeschylus.</marc:subfield></marc:datafield><marc:datafield tag="240" ind1="1" ind2="0"><marc:subfield code="a">Single works. Eumenides. Greek and English</marc:subfield></marc:datafield><marc:datafield tag="245" ind1="1" ind2="4"><marc:subfield code="a">The Eumenides of Æschylus as arranged for performance at Cambridge ... I. The text in Greek and English. (The translation by A. W. Verrall.) II. The incidental music by C. V. Stanford.</marc:subfield></marc:datafield><marc:datafield tag="260" ind1=" " ind2=" "><marc:subfield code="a">Cambridge :</marc:subfield><marc:subfield code="b">Macmillan &amp; Bowes,</marc:subfield><marc:subfield code="c">1885.</marc:subfield></marc:datafield><marc:datafield tag="300" ind1=" " ind2=" "><marc:subfield code="a">2 pt. ;</marc:subfield><marc:subfield code="c">8º.</marc:subfield></marc:datafield><marc:datafield tag="700" ind1="1" ind2=" "><marc:subfield code="a">VERRALL, Arthur Woollgar.</marc:subfield></marc:datafield><marc:datafield tag="852" ind1="4" ind2="1"><marc:subfield code="a">British Library</marc:subfield><marc:subfield code="b">HMNTS</marc:subfield><marc:subfield code="j">M.F.1149.c.</marc:subfield></marc:datafield><marc:datafield tag="886" ind1="2" ind2=" "><marc:subfield code="2">blmarc</marc:subfield><marc:subfield code="a">709</marc:subfield><marc:subfield code="b">00</marc:subfield><marc:subfield code="a">VERRALL</marc:subfield><marc:subfield code="h">Arthur Woollgar</marc:subfield><marc:subfield code="p">M.F.1149.c.</marc:subfield><marc:subfield code="x">3390230297</marc:subfield></marc:datafield></marc:record>