
<marc:record><marc:leader>00824cam a22002053  4500</marc:leader>
<marc:controlfield tag="001">000023343</marc:controlfield>
<marc:controlfield tag="003">Uk</marc:controlfield><marc:controlfield tag="005">20120203162600.0</marc:controlfield><marc:controlfield tag="008">871006|1873|||||||    ||    |||| ||eng  </marc:controlfield><marc:datafield tag="040" ind1=" " ind2=" "><marc:subfield code="a">Uk</marc:subfield><marc:subfield code="c">Uk</marc:subfield></marc:datafield><marc:datafield tag="100" ind1="0" ind2=" "><marc:subfield code="a">Aeschylus.</marc:subfield></marc:datafield><marc:datafield tag="240" ind1="1" ind2="0"><marc:subfield code="a">Single works. Persae. English</marc:subfield></marc:datafield><marc:datafield tag="245" ind1="1" ind2="4"><marc:subfield code="a">The Persians. A popular version ... By John Staunton. With photographs of Flaxman's designs.</marc:subfield></marc:datafield><marc:datafield tag="260" ind1=" " ind2=" "><marc:subfield code="a">Warwick :</marc:subfield><marc:subfield code="b">H. T. Cooke &amp; Son,</marc:subfield><marc:subfield code="c">1873.</marc:subfield></marc:datafield><marc:datafield tag="300" ind1=" " ind2=" "><marc:subfield code="a">xxxvi, 62, xviii p. ;</marc:subfield><marc:subfield code="c">4º.</marc:subfield></marc:datafield><marc:datafield tag="700" ind1="1" ind2=" "><marc:subfield code="a">Flaxman, John,</marc:subfield><marc:subfield code="d">1755-1826.</marc:subfield><marc:subfield code="t">Drawings. Illustrations to Aeachylus.</marc:subfield></marc:datafield><marc:datafield tag="700" ind1="1" ind2=" "><marc:subfield code="a">STAUNTON, John,</marc:subfield><marc:subfield code="c">of Longbridge.</marc:subfield></marc:datafield><marc:datafield tag="852" ind1="4" ind2="1"><marc:subfield code="a">British Library</marc:subfield><marc:subfield code="b">HMNTS</marc:subfield><marc:subfield code="j">11705.f.7.</marc:subfield></marc:datafield><marc:datafield tag="886" ind1="2" ind2=" "><marc:subfield code="2">blmarc</marc:subfield><marc:subfield code="a">709</marc:subfield><marc:subfield code="b">00</marc:subfield><marc:subfield code="a">FLAXMAN</marc:subfield><marc:subfield code="h">John</marc:subfield><marc:subfield code="t">Drawings</marc:subfield><marc:subfield code="t">Illustrations to Aeachylus</marc:subfield><marc:subfield code="p">11705.f.7.</marc:subfield><marc:subfield code="x">1100540008</marc:subfield></marc:datafield><marc:datafield tag="886" ind1="2" ind2=" "><marc:subfield code="2">blmarc</marc:subfield><marc:subfield code="a">709</marc:subfield><marc:subfield code="b">00</marc:subfield><marc:subfield code="a">STAUNTON</marc:subfield><marc:subfield code="h">John</marc:subfield><marc:subfield code="f">of Longbridge</marc:subfield><marc:subfield code="p">11705.f.7.</marc:subfield><marc:subfield code="x">3120160024</marc:subfield></marc:datafield></marc:record>