
<marc:record><marc:leader>00704cam a22001813  4500</marc:leader>
<marc:controlfield tag="001">000023357</marc:controlfield>
<marc:controlfield tag="003">Uk</marc:controlfield><marc:controlfield tag="005">20130427150400.0</marc:controlfield><marc:controlfield tag="008">871006|1860|||||||    ||    |||| ||swe  </marc:controlfield><marc:datafield tag="040" ind1=" " ind2=" "><marc:subfield code="a">Uk</marc:subfield><marc:subfield code="c">Uk</marc:subfield></marc:datafield><marc:datafield tag="100" ind1="0" ind2=" "><marc:subfield code="a">Aeschylus.</marc:subfield></marc:datafield><marc:datafield tag="240" ind1="1" ind2="0"><marc:subfield code="a">Single works. Persae. Swedish</marc:subfield></marc:datafield><marc:datafield tag="245" ind1="1" ind2="0"><marc:subfield code="a">Fabula Aeschylea, quæ Persæ inscribitur, in Suethicum conversa, cum prooemio commentarijsque. Dissertatio academica cujus partem priorem [vv. 1-432] ... p. p. J. Johansson.</marc:subfield></marc:datafield><marc:datafield tag="260" ind1=" " ind2=" "><marc:subfield code="a">Upsaliæ,</marc:subfield><marc:subfield code="c">[1860]</marc:subfield></marc:datafield><marc:datafield tag="300" ind1=" " ind2=" "><marc:subfield code="a">32 p. ;</marc:subfield><marc:subfield code="c">8º.</marc:subfield></marc:datafield><marc:datafield tag="700" ind1="1" ind2=" "><marc:subfield code="a">JOHANSSON, J.,</marc:subfield><marc:subfield code="c">Vermel. Stip. Jangblad.</marc:subfield></marc:datafield><marc:datafield tag="852" ind1="4" ind2="1"><marc:subfield code="a">British Library</marc:subfield><marc:subfield code="b">HMNTS</marc:subfield><marc:subfield code="j">11705.bbb.41.</marc:subfield></marc:datafield><marc:datafield tag="886" ind1="2" ind2=" "><marc:subfield code="2">blmarc</marc:subfield><marc:subfield code="a">709</marc:subfield><marc:subfield code="b">00</marc:subfield><marc:subfield code="a">JOHANSSON</marc:subfield><marc:subfield code="h">J.</marc:subfield><marc:subfield code="f">Vermel. Stip. Jangblad</marc:subfield><marc:subfield code="p">11705.bbb.41.</marc:subfield><marc:subfield code="x">1662350287</marc:subfield></marc:datafield></marc:record>