
<marc:record><marc:leader>01656cam a22002173  4500</marc:leader>
<marc:controlfield tag="001">000023363</marc:controlfield>
<marc:controlfield tag="003">Uk</marc:controlfield><marc:controlfield tag="005">20130627174000.0</marc:controlfield><marc:controlfield tag="008">871006|1810|||||||    ||    |||| ||grc  </marc:controlfield><marc:datafield tag="040" ind1=" " ind2=" "><marc:subfield code="a">Uk</marc:subfield><marc:subfield code="c">Uk</marc:subfield></marc:datafield><marc:datafield tag="100" ind1="0" ind2=" "><marc:subfield code="a">Aeschylus.</marc:subfield></marc:datafield><marc:datafield tag="240" ind1="1" ind2="0"><marc:subfield code="a">Single works. Prometheus Vinctus. Greek</marc:subfield></marc:datafield><marc:datafield tag="245" ind1="1" ind2="0"><marc:subfield code="a">Αἰσχυλου Προμηθευς Δεσμωτης. Æschyli Prometheus Vinctus. Ad fidem manuscriptorum emendavit, notas et glossarium adjecit Carolus Jacobus Blomfield.</marc:subfield></marc:datafield><marc:datafield tag="260" ind1=" " ind2=" "><marc:subfield code="a">Cantabrigiæ :</marc:subfield><marc:subfield code="b">Typis Academicis,</marc:subfield><marc:subfield code="c">1810.</marc:subfield></marc:datafield><marc:datafield tag="300" ind1=" " ind2=" "><marc:subfield code="a">iii, 160 p. ;</marc:subfield><marc:subfield code="c">8º.</marc:subfield></marc:datafield><marc:datafield tag="700" ind1="1" ind2=" "><marc:subfield code="a">Blomfield, Charles James,</marc:subfield><marc:subfield code="d">1786-1857.</marc:subfield></marc:datafield><marc:datafield tag="775" ind1="0" ind2=" "><marc:subfield code="t">[Αἰσχυλου Προμηθευς Δεσμωτης. Æschyli Prometheus Vinctus. Ad fidem manuscriptorum emendavit, notas et glossarium adjecit Carolus Jacobus Blomfield.]</marc:subfield><marc:subfield code="d">pp. ix. 206. Typis Academicis: Cantabrigiæ, 1812. 8º.</marc:subfield><marc:subfield code="w">(Uk)MP1.0000026154.1</marc:subfield></marc:datafield><marc:datafield tag="775" ind1="0" ind2=" "><marc:subfield code="t">[Αἰσχυλου Προμηθευς Δεσμωτης. Æschyli Prometheus Vinctus. Ad fidem manuscriptorum emendavit, notas et glossarium adjecit Carolus Jacobus Blomfield.]</marc:subfield><marc:subfield code="d">pp. xiv. 222. Typis Academicis: Cantabrigiæ, 1819. 8º.</marc:subfield><marc:subfield code="w">(Uk)MP1.0000026154.3</marc:subfield></marc:datafield><marc:datafield tag="775" ind1="0" ind2=" "><marc:subfield code="t">[Αἰσχυλου Προμηθευς Δεσμωτης. Æschyli Prometheus Vinctus. Ad fidem manuscriptorum emendavit, notas et glossarium adjecit Carolus Jacobus Blomfield.]</marc:subfield><marc:subfield code="d">pp. x. 228. B. Fellowes: Londini, 1829. 8º.</marc:subfield><marc:subfield code="w">(Uk)MP1.0000026154.4</marc:subfield></marc:datafield><marc:datafield tag="852" ind1="4" ind2="1"><marc:subfield code="a">British Library</marc:subfield><marc:subfield code="b">HMNTS</marc:subfield><marc:subfield code="j">997.d.23.(1.)</marc:subfield></marc:datafield><marc:datafield tag="886" ind1="2" ind2=" "><marc:subfield code="2">blmarc</marc:subfield><marc:subfield code="a">709</marc:subfield><marc:subfield code="b">00</marc:subfield><marc:subfield code="a">BLOMFIELD</marc:subfield><marc:subfield code="h">Charles James</marc:subfield><marc:subfield code="f">successively Bishop of Chester and of London</marc:subfield><marc:subfield code="p">11705.cc.4.</marc:subfield><marc:subfield code="x">0344560228</marc:subfield><marc:subfield code="p">11705.f.8.</marc:subfield><marc:subfield code="x">0344560228</marc:subfield><marc:subfield code="p">997.d.23.(1.)</marc:subfield><marc:subfield code="x">0344560228</marc:subfield><marc:subfield code="p">997.d.23.(2.)</marc:subfield><marc:subfield code="x">0344560228</marc:subfield></marc:datafield></marc:record>