
<marc:record><marc:leader>00845cam a22002053  4500</marc:leader>
<marc:controlfield tag="001">000023368</marc:controlfield>
<marc:controlfield tag="003">Uk</marc:controlfield><marc:controlfield tag="005">20130708175200.0</marc:controlfield><marc:controlfield tag="008">871006|1833||||enk    ||    |||| ||grc  </marc:controlfield><marc:datafield tag="040" ind1=" " ind2=" "><marc:subfield code="a">Uk</marc:subfield><marc:subfield code="c">Uk</marc:subfield></marc:datafield><marc:datafield tag="100" ind1="0" ind2=" "><marc:subfield code="a">Aeschylus.</marc:subfield></marc:datafield><marc:datafield tag="240" ind1="1" ind2="0"><marc:subfield code="a">Single works. Prometheus Vinctus. Greek</marc:subfield></marc:datafield><marc:datafield tag="245" ind1="1" ind2="5"><marc:subfield code="a">[The Prometheus ... With English notes, etc. [By George Burges.]]</marc:subfield></marc:datafield><marc:datafield tag="250" ind1=" " ind2=" "><marc:subfield code="a">Second edition.</marc:subfield></marc:datafield><marc:datafield tag="260" ind1=" " ind2=" "><marc:subfield code="a">London :</marc:subfield><marc:subfield code="b">Longman &amp; Co.,</marc:subfield><marc:subfield code="c">1833.</marc:subfield></marc:datafield><marc:datafield tag="300" ind1=" " ind2=" "><marc:subfield code="a">vii, 135 p. ;</marc:subfield><marc:subfield code="c">12º.</marc:subfield></marc:datafield><marc:datafield tag="700" ind1="1" ind2=" "><marc:subfield code="a">BURGES, George,</marc:subfield><marc:subfield code="c">of Trinity College, Cambridge.</marc:subfield></marc:datafield><marc:datafield tag="787" ind1="0" ind2=" "><marc:subfield code="t">The Prometheus ... With English notes, etc. [By George Burges.]</marc:subfield><marc:subfield code="d">pp. vii. 135. Longman &amp; Co.: London, 1831. 12º.</marc:subfield><marc:subfield code="w">(Uk)MP1.0000026155</marc:subfield></marc:datafield><marc:datafield tag="852" ind1="4" ind2="1"><marc:subfield code="a">British Library</marc:subfield><marc:subfield code="b">HMNTS</marc:subfield><marc:subfield code="j">11705.bbb.3.</marc:subfield></marc:datafield><marc:datafield tag="886" ind1="2" ind2=" "><marc:subfield code="2">blmarc</marc:subfield><marc:subfield code="a">709</marc:subfield><marc:subfield code="b">00</marc:subfield><marc:subfield code="a">BURGES</marc:subfield><marc:subfield code="h">George</marc:subfield><marc:subfield code="f">of Trinity College, Cambridge</marc:subfield><marc:subfield code="p">11705.bbb.3.</marc:subfield><marc:subfield code="x">0480270171</marc:subfield><marc:subfield code="p">1211.h.1.</marc:subfield><marc:subfield code="x">0480270171</marc:subfield></marc:datafield></marc:record>