
<marc:record><marc:leader>01042cam a22001813  4500</marc:leader>
<marc:controlfield tag="001">000023372</marc:controlfield>
<marc:controlfield tag="003">Uk</marc:controlfield><marc:controlfield tag="005">20130627174000.0</marc:controlfield><marc:controlfield tag="008">030509|1833|||||||    ||    |||| ||grc  </marc:controlfield><marc:datafield tag="040" ind1=" " ind2=" "><marc:subfield code="a">Uk</marc:subfield><marc:subfield code="c">Uk</marc:subfield></marc:datafield><marc:datafield tag="100" ind1="0" ind2=" "><marc:subfield code="a">Aeschylus.</marc:subfield></marc:datafield><marc:datafield tag="240" ind1="1" ind2="0"><marc:subfield code="a">Single works. Prometheus Vinctus. Greek</marc:subfield></marc:datafield><marc:datafield tag="245" ind1="1" ind2="0"><marc:subfield code="a">Αἰσχύλου Προμηθεὺς Δεσμώτης. Aeschyli Prometheus Vinctus. Ad fidem manuscriptorum emendavit, notas et glossarium adjecit, Carolus Jacobus Blomfield ... Editio sexta.</marc:subfield></marc:datafield><marc:datafield tag="260" ind1=" " ind2=" "><marc:subfield code="a">Londini: veneunt apud B. Fellowes; Ricardi Taylor [printer], 1833.</marc:subfield></marc:datafield><marc:datafield tag="300" ind1=" " ind2=" "><marc:subfield code="a">x, [2], 228 p. (8º); 24 cm.</marc:subfield></marc:datafield><marc:datafield tag="500" ind1=" " ind2=" "><marc:subfield code="a">Includes index. - Printer's name from colophon. - MS. ownership inscription: John Whitehead.</marc:subfield></marc:datafield><marc:datafield tag="775" ind1="0" ind2=" "><marc:subfield code="t">[Αἰσχύλου Προμηθεὺς Δεσμώτης. Aeschyli Prometheus Vinctus. Ad fidem manuscriptorum emendavit, notas et glossarium adjecit, Carolus Jacobus Blomfield ... Editio sexta.]</marc:subfield><marc:subfield code="d">Londini: B. Fellowes, 1846. x, 228 p. 8º.</marc:subfield><marc:subfield code="w">(Uk)MP1.0000026159.1</marc:subfield></marc:datafield><marc:datafield tag="852" ind1="4" ind2="1"><marc:subfield code="a">British Library</marc:subfield><marc:subfield code="b">HMNTS</marc:subfield><marc:subfield code="j">Bloomfield 262.</marc:subfield></marc:datafield></marc:record>