
<marc:record><marc:leader>00530cam a22001573  4500</marc:leader>
<marc:controlfield tag="001">000023403</marc:controlfield>
<marc:controlfield tag="003">Uk</marc:controlfield><marc:controlfield tag="005">20120203162600.0</marc:controlfield><marc:controlfield tag="008">871006|1822|||||||    ||    |||| |||||  </marc:controlfield><marc:datafield tag="040" ind1=" " ind2=" "><marc:subfield code="a">Uk</marc:subfield><marc:subfield code="c">Uk</marc:subfield></marc:datafield><marc:datafield tag="100" ind1="0" ind2=" "><marc:subfield code="a">Aeschylus.</marc:subfield></marc:datafield><marc:datafield tag="240" ind1="1" ind2="0"><marc:subfield code="a">Single works. Prometheus Vinctus. Greek and English</marc:subfield></marc:datafield><marc:datafield tag="245" ind1="1" ind2="0"><marc:subfield code="a">Æschyli Prometheus Vinctus. To which is subjoined, a Greek ordo, a literal prose translation, and notes, etc.</marc:subfield></marc:datafield><marc:datafield tag="260" ind1=" " ind2=" "><marc:subfield code="a">London :</marc:subfield><marc:subfield code="b">G. &amp; W. B. Whittaker,</marc:subfield><marc:subfield code="c">1822.</marc:subfield></marc:datafield><marc:datafield tag="300" ind1=" " ind2=" "><marc:subfield code="a">vii, 126 p. ;</marc:subfield><marc:subfield code="c">8º.</marc:subfield></marc:datafield><marc:datafield tag="852" ind1="4" ind2="1"><marc:subfield code="a">British Library</marc:subfield><marc:subfield code="b">HMNTS</marc:subfield><marc:subfield code="j">997.e.7.</marc:subfield></marc:datafield></marc:record>