
<marc:record><marc:leader>01309cam a2200301   4500</marc:leader>
<marc:controlfield tag="001">000023415</marc:controlfield>
<marc:controlfield tag="003">Uk</marc:controlfield><marc:controlfield tag="005">20091109122148.0</marc:controlfield><marc:controlfield tag="008">871006s1833    enk           000 p eng  </marc:controlfield><marc:datafield tag="040" ind1=" " ind2=" "><marc:subfield code="a">Uk</marc:subfield><marc:subfield code="c">Uk</marc:subfield></marc:datafield><marc:datafield tag="041" ind1="1" ind2=" "><marc:subfield code="a">eng</marc:subfield><marc:subfield code="h">grc</marc:subfield></marc:datafield><marc:datafield tag="100" ind1="0" ind2=" "><marc:subfield code="a">Aeschylus.</marc:subfield></marc:datafield><marc:datafield tag="240" ind1="1" ind2="0"><marc:subfield code="a">Prometheus bound.</marc:subfield><marc:subfield code="l">English.</marc:subfield></marc:datafield><marc:datafield tag="245" ind1="1" ind2="0"><marc:subfield code="a">Prometheus bound:</marc:subfield><marc:subfield code="b">translated from the Greek of Æschylus ; and miscellaneous poems/</marc:subfield><marc:subfield code="c">by the translator, author of &quot;an essay on mind,&quot; with other poems [Elizabeth Barrett Browning.]</marc:subfield></marc:datafield><marc:datafield tag="246" ind1="1" ind2="0"><marc:subfield code="a">miscellaneous poems</marc:subfield></marc:datafield><marc:datafield tag="260" ind1=" " ind2=" "><marc:subfield code="a">London:</marc:subfield><marc:subfield code="b">Printed and published by A.J. Valpy,</marc:subfield><marc:subfield code="c">1833.</marc:subfield></marc:datafield><marc:datafield tag="300" ind1=" " ind2=" "><marc:subfield code="a">xxiv, 163 p.;</marc:subfield><marc:subfield code="c">20 cm.</marc:subfield></marc:datafield><marc:datafield tag="500" ind1=" " ind2=" "><marc:subfield code="a">&quot;Price 5s.&quot; - Spine.</marc:subfield></marc:datafield><marc:datafield tag="510" ind1="4" ind2=" "><marc:subfield code="a">Barnes,</marc:subfield><marc:subfield code="c">A3</marc:subfield></marc:datafield><marc:datafield tag="563" ind1=" " ind2=" "><marc:subfield code="a">In a nineteenth century blue watered silk cloth binding.</marc:subfield></marc:datafield><marc:datafield tag="650" ind1=" " ind2="0"><marc:subfield code="a">Prometheus (Greek deity)</marc:subfield><marc:subfield code="v">Drama.</marc:subfield></marc:datafield><marc:datafield tag="650" ind1=" " ind2="0"><marc:subfield code="a">Women poets, English</marc:subfield><marc:subfield code="y">19th century.</marc:subfield></marc:datafield><marc:datafield tag="700" ind1="1" ind2=" "><marc:subfield code="a">Browning, Elizabeth Barrett,</marc:subfield><marc:subfield code="d">1806-1861,</marc:subfield><marc:subfield code="e">translator.</marc:subfield></marc:datafield><marc:datafield tag="700" ind1="1" ind2=" "><marc:subfield code="a">Barnes, Warner.</marc:subfield><marc:subfield code="t">Bibliography of Elizabeth Barrett Browning.</marc:subfield><marc:subfield code="f">1967.</marc:subfield></marc:datafield><marc:datafield tag="700" ind1="1" ind2=" "><marc:subfield code="a">Wise, Thomas James,</marc:subfield><marc:subfield code="d">1859-1937,</marc:subfield><marc:subfield code="e">former owner.</marc:subfield></marc:datafield><marc:datafield tag="852" ind1="4" ind2="1"><marc:subfield code="a">British Library</marc:subfield><marc:subfield code="b">HMNTS</marc:subfield><marc:subfield code="j">Ashley2515.</marc:subfield></marc:datafield><marc:datafield tag="852" ind1="4" ind2="1"><marc:subfield code="a">British Library</marc:subfield><marc:subfield code="b">HMNTS</marc:subfield><marc:subfield code="j">997.e.18.</marc:subfield></marc:datafield><marc:datafield tag="886" ind1="2" ind2=" "><marc:subfield code="2">blmarc</marc:subfield><marc:subfield code="a">709</marc:subfield><marc:subfield code="b">00</marc:subfield><marc:subfield code="a">BARRETT, afterwards BROWNING</marc:subfield><marc:subfield code="h">Elizabeth Barrett</marc:subfield><marc:subfield code="t">Works translated, etc., by Mrs. Browning</marc:subfield><marc:subfield code="p">997.e.18.</marc:subfield><marc:subfield code="x">0194560252</marc:subfield></marc:datafield></marc:record>