
<marc:record><marc:leader>00874cam a22002053  4500</marc:leader>
<marc:controlfield tag="001">000023427</marc:controlfield>
<marc:controlfield tag="003">Uk</marc:controlfield><marc:controlfield tag="005">20130501182900.0</marc:controlfield><marc:controlfield tag="008">871006|1892||||enk    ||    |||| ||eng  </marc:controlfield><marc:datafield tag="040" ind1=" " ind2=" "><marc:subfield code="a">Uk</marc:subfield><marc:subfield code="c">Uk</marc:subfield></marc:datafield><marc:datafield tag="100" ind1="0" ind2=" "><marc:subfield code="a">Aeschylus.</marc:subfield></marc:datafield><marc:datafield tag="240" ind1="1" ind2="0"><marc:subfield code="a">Single works. Prometheus Vinctus. English</marc:subfield></marc:datafield><marc:datafield tag="245" ind1="1" ind2="0"><marc:subfield code="a">Prometheus Bound. Translated ... by Henry Howard Molyneux, fourth Earl of Carnarvon. [With a preface by Sir R. G. W. Herbert.]</marc:subfield></marc:datafield><marc:datafield tag="260" ind1=" " ind2=" "><marc:subfield code="a">London :</marc:subfield><marc:subfield code="b">John Murray,</marc:subfield><marc:subfield code="c">1892.</marc:subfield></marc:datafield><marc:datafield tag="300" ind1=" " ind2=" "><marc:subfield code="a">xviii, 69 p. ;</marc:subfield><marc:subfield code="c">8º.</marc:subfield></marc:datafield><marc:datafield tag="700" ind1="1" ind2=" "><marc:subfield code="a">HERBERT, Robert George Wyndham,</marc:subfield><marc:subfield code="c">Sir,</marc:subfield><marc:subfield code="c">G.C.B.</marc:subfield></marc:datafield><marc:datafield tag="700" ind1="1" ind2=" "><marc:subfield code="a">HERBERT, Henry Howard Molyneux,</marc:subfield><marc:subfield code="c">Earl of Carnarvon.</marc:subfield></marc:datafield><marc:datafield tag="852" ind1="4" ind2="1"><marc:subfield code="a">British Library</marc:subfield><marc:subfield code="b">HMNTS</marc:subfield><marc:subfield code="j">11705.ff.38.</marc:subfield></marc:datafield><marc:datafield tag="886" ind1="2" ind2=" "><marc:subfield code="2">blmarc</marc:subfield><marc:subfield code="a">709</marc:subfield><marc:subfield code="b">00</marc:subfield><marc:subfield code="a">HERBERT</marc:subfield><marc:subfield code="e">Sir</marc:subfield><marc:subfield code="h">Robert George Wyndham</marc:subfield><marc:subfield code="f">G.C.B.</marc:subfield><marc:subfield code="p">11705.ff.38.</marc:subfield><marc:subfield code="x">1454600101</marc:subfield></marc:datafield><marc:datafield tag="886" ind1="2" ind2=" "><marc:subfield code="2">blmarc</marc:subfield><marc:subfield code="a">709</marc:subfield><marc:subfield code="b">00</marc:subfield><marc:subfield code="a">HERBERT</marc:subfield><marc:subfield code="h">Henry Howard Molyneux</marc:subfield><marc:subfield code="f">Earl of Carnarvon</marc:subfield><marc:subfield code="p">11705.ff.38.</marc:subfield><marc:subfield code="x">1454480157</marc:subfield></marc:datafield></marc:record>