
<marc:record><marc:leader>00764cam a22002173  4500</marc:leader>
<marc:controlfield tag="001">000023431</marc:controlfield>
<marc:controlfield tag="003">Uk</marc:controlfield><marc:controlfield tag="005">20130716171200.0</marc:controlfield><marc:controlfield tag="008">871006|1900||||enk    ||    |||| ||eng  </marc:controlfield><marc:datafield tag="040" ind1=" " ind2=" "><marc:subfield code="a">Uk</marc:subfield><marc:subfield code="c">Uk</marc:subfield></marc:datafield><marc:datafield tag="100" ind1="0" ind2=" "><marc:subfield code="a">Aeschylus.</marc:subfield></marc:datafield><marc:datafield tag="240" ind1="1" ind2="0"><marc:subfield code="a">Single works. Prometheus Vinctus. English</marc:subfield></marc:datafield><marc:datafield tag="245" ind1="1" ind2="0"><marc:subfield code="a">Aeschylus: Prometheus Vinctus. A translation. By F. G. Plaistowe ... and T. R. Mills.</marc:subfield></marc:datafield><marc:datafield tag="260" ind1=" " ind2=" "><marc:subfield code="a">London :</marc:subfield><marc:subfield code="b">W. B. Clive,</marc:subfield><marc:subfield code="c">[1900]</marc:subfield></marc:datafield><marc:datafield tag="300" ind1=" " ind2=" "><marc:subfield code="a">28 p. ;</marc:subfield><marc:subfield code="c">8º.</marc:subfield></marc:datafield><marc:datafield tag="490" ind1="0" ind2=" "><marc:subfield code="a">[Tutorial Series.]</marc:subfield></marc:datafield><marc:datafield tag="700" ind1="1" ind2=" "><marc:subfield code="a">MILLS, Thomas Ross.</marc:subfield></marc:datafield><marc:datafield tag="700" ind1="1" ind2=" "><marc:subfield code="a">PLAISTOWE, Francis Giffard.</marc:subfield></marc:datafield><marc:datafield tag="852" ind1="4" ind2="1"><marc:subfield code="a">British Library</marc:subfield><marc:subfield code="b">HMNTS</marc:subfield><marc:subfield code="j">12205.c.431.</marc:subfield></marc:datafield><marc:datafield tag="886" ind1="2" ind2=" "><marc:subfield code="2">blmarc</marc:subfield><marc:subfield code="a">709</marc:subfield><marc:subfield code="b">00</marc:subfield><marc:subfield code="a">MILLS</marc:subfield><marc:subfield code="h">Thomas Ross</marc:subfield><marc:subfield code="p">12205.c.431.</marc:subfield><marc:subfield code="x">222144003X</marc:subfield></marc:datafield><marc:datafield tag="886" ind1="2" ind2=" "><marc:subfield code="2">blmarc</marc:subfield><marc:subfield code="a">709</marc:subfield><marc:subfield code="b">00</marc:subfield><marc:subfield code="a">PLAISTOWE</marc:subfield><marc:subfield code="h">Francis Giffard</marc:subfield><marc:subfield code="p">12205.c.431.</marc:subfield><marc:subfield code="x">2601570113</marc:subfield></marc:datafield></marc:record>