
<marc:record><marc:leader>01042cam a22002053  4500</marc:leader>
<marc:controlfield tag="001">000023477</marc:controlfield>
<marc:controlfield tag="003">Uk</marc:controlfield><marc:controlfield tag="005">20130627174000.0</marc:controlfield><marc:controlfield tag="008">871006|1817|||||||    ||    |||| ||grc  </marc:controlfield><marc:datafield tag="040" ind1=" " ind2=" "><marc:subfield code="a">Uk</marc:subfield><marc:subfield code="c">Uk</marc:subfield></marc:datafield><marc:datafield tag="100" ind1="0" ind2=" "><marc:subfield code="a">Aeschylus.</marc:subfield></marc:datafield><marc:datafield tag="240" ind1="1" ind2="0"><marc:subfield code="a">Single works. Septem Contra Thebas. Greek</marc:subfield></marc:datafield><marc:datafield tag="245" ind1="1" ind2="0"><marc:subfield code="a">[Αἰσχυλου Ἑπτα ἐπι Θηβας ... Ad fidem manuscriptorum emendavit, notas et glossarium adjecit Carolus Jacobus Blomfield.]</marc:subfield></marc:datafield><marc:datafield tag="250" ind1=" " ind2=" "><marc:subfield code="a">Editio secunda.</marc:subfield></marc:datafield><marc:datafield tag="260" ind1=" " ind2=" "><marc:subfield code="a">Cantabrigiæ :</marc:subfield><marc:subfield code="b">Typis Academicis,</marc:subfield><marc:subfield code="c">1817.</marc:subfield></marc:datafield><marc:datafield tag="300" ind1=" " ind2=" "><marc:subfield code="a">xv, 212 p. ;</marc:subfield><marc:subfield code="c">8º.</marc:subfield></marc:datafield><marc:datafield tag="700" ind1="1" ind2=" "><marc:subfield code="a">Blomfield, Charles James,</marc:subfield><marc:subfield code="d">1786-1857.</marc:subfield></marc:datafield><marc:datafield tag="787" ind1="0" ind2=" "><marc:subfield code="t">Αἰσχυλου Ἑπτα ἐπι Θηβας ... Ad fidem manuscriptorum emendavit, notas et glossarium adjecit Carolus Jacobus Blomfield.</marc:subfield><marc:subfield code="d">pp. xiii. 202. Typis Academicis: Cantabrigiæ, 1812. 8º.</marc:subfield><marc:subfield code="w">(Uk)MP1.0000026260</marc:subfield></marc:datafield><marc:datafield tag="852" ind1="4" ind2="1"><marc:subfield code="a">British Library</marc:subfield><marc:subfield code="b">HMNTS</marc:subfield><marc:subfield code="j">999.d.8.(4.)</marc:subfield></marc:datafield><marc:datafield tag="886" ind1="2" ind2=" "><marc:subfield code="2">blmarc</marc:subfield><marc:subfield code="a">709</marc:subfield><marc:subfield code="b">00</marc:subfield><marc:subfield code="a">BLOMFIELD</marc:subfield><marc:subfield code="h">Charles James</marc:subfield><marc:subfield code="f">successively Bishop of Chester and of London</marc:subfield><marc:subfield code="p">997.d.23.(3.)</marc:subfield><marc:subfield code="x">0344560244</marc:subfield><marc:subfield code="p">999.d.8.(4.)</marc:subfield><marc:subfield code="x">0344560244</marc:subfield></marc:datafield></marc:record>